timestamp,instrument,ltp,ltq,bid_price,ask_price,bid_qty,ask_qty
2025-08-01 12:25:32,NSE_FO|66846,580.0,70,578.55,35,35,35
2025-08-01 12:25:33,NSE_FO|66846,580.0,70,578.55,35,35,35
2025-08-01 12:25:34,NSE_FO|66846,580.95,105,578.75,105,70,105
2025-08-01 12:25:34,NSE_FO|66846,580.95,105,578.75,105,70,105
2025-08-01 12:25:35,NSE_FO|66846,580.0,35,578.6,105,35,105
2025-08-01 12:25:35,NSE_FO|66846,580.0,35,578.6,105,35,105
2025-08-01 12:25:36,NSE_FO|66846,579.95,35,578.6,105,35,105
2025-08-01 12:25:36,NSE_FO|66846,579.95,35,578.6,105,35,105
2025-08-01 12:25:37,NSE_FO|66846,579.9,35,578.6,105,35,105
2025-08-01 12:25:37,NSE_FO|66846,579.9,35,578.4,105,35,105
2025-08-01 12:25:38,NSE_FO|66846,579.15,35,578.4,105,35,105
2025-08-01 12:25:39,NSE_FO|66846,579.35,35,577.55,70,35,70
2025-08-01 12:25:39,NSE_FO|66846,579.35,35,577.55,70,35,70
2025-08-01 12:25:40,NSE_FO|66846,579.5,35,576.7,105,70,105
2025-08-01 12:25:40,NSE_FO|66846,579.5,35,576.7,105,70,105
2025-08-01 12:25:41,NSE_FO|66846,578.55,35,576.7,105,70,105
2025-08-01 12:25:42,NSE_FO|66846,576.6,35,576.3,105,70,105
2025-08-01 12:25:44,NSE_FO|66846,576.7,35,576.3,105,70,105
2025-08-01 12:25:44,NSE_FO|66846,576.7,70,576.3,105,70,105
2025-08-01 12:25:45,NSE_FO|66846,576.7,70,575.55,140,35,140
2025-08-01 12:25:45,NSE_FO|66846,575.55,35,575.55,140,35,140
2025-08-01 12:25:46,NSE_FO|66846,576.65,35,575.3,35,140,35
2025-08-01 12:25:46,NSE_FO|66846,576.65,35,575.3,35,140,35
2025-08-01 12:25:47,NSE_FO|66846,576.65,35,575.3,175,105,175
2025-08-01 12:25:48,NSE_FO|66846,575.5,35,575.3,175,105,175
2025-08-01 12:25:48,NSE_FO|66846,575.35,70,575.3,35,140,35
2025-08-01 12:25:49,NSE_FO|66846,576.7,175,575.3,35,140,35
2025-08-01 12:25:50,NSE_FO|66846,577.65,35,575.3,35,140,35
2025-08-01 12:25:50,NSE_FO|66846,576.2,35,576.15,105,105,105
2025-08-01 12:25:50,NSE_FO|66846,576.2,35,576.15,105,105,105
2025-08-01 12:25:51,NSE_FO|66846,575.8,35,576.15,70,140,70
2025-08-01 12:25:51,NSE_FO|66846,575.8,35,576.15,70,140,70
2025-08-01 12:25:53,NSE_FO|66846,577.3,35,576.15,70,140,70
2025-08-01 12:25:53,NSE_FO|66846,577.3,35,576.3,70,35,70
2025-08-01 12:25:55,NSE_FO|66846,577.3,35,576.45,70,140,70
2025-08-01 12:25:56,NSE_FO|66846,577.3,35,576.9,140,140,140
2025-08-01 12:25:56,NSE_FO|66846,575.8,35,576.9,140,140,140
2025-08-01 12:25:57,NSE_FO|66846,575.8,35,576.65,105,105,105
2025-08-01 12:25:57,NSE_FO|66846,578.2,70,576.65,105,105,105
2025-08-01 12:25:58,NSE_FO|66846,578.2,70,576.95,70,105,70
2025-08-01 12:25:59,NSE_FO|66846,578.2,70,577.65,175,70,175
2025-08-01 12:26:01,NSE_FO|66846,578.8,35,577.7,35,70,35
2025-08-01 12:26:02,NSE_FO|66846,579.0,35,577.7,35,70,35
2025-08-01 12:26:03,NSE_FO|66846,579.0,35,577.65,35,70,35
2025-08-01 12:26:03,NSE_FO|66846,578.85,35,577.65,35,70,35
2025-08-01 12:26:04,NSE_FO|66846,578.85,35,577.3,140,70,140
2025-08-01 12:26:05,NSE_FO|66846,577.6,35,577.3,140,70,140
2025-08-01 12:26:06,NSE_FO|66846,578.8,35,577.3,140,70,140
2025-08-01 12:26:07,NSE_FO|66846,578.8,35,577.1,70,140,70
2025-08-01 12:26:09,NSE_FO|66846,578.8,35,577.55,35,70,35
2025-08-01 12:26:09,NSE_FO|66846,579.0,105,577.55,35,70,35
2025-08-01 12:26:10,NSE_FO|66846,578.55,35,578.5,35,70,35
2025-08-01 12:26:10,NSE_FO|66846,579.1,35,578.5,35,70,35
2025-08-01 12:26:11,NSE_FO|66846,581.2,35,578.7,105,105,105
2025-08-01 12:26:12,NSE_FO|66846,581.2,35,579.0,140,35,140
2025-08-01 12:26:13,NSE_FO|66846,580.5,70,579.0,140,35,140
2025-08-01 12:26:13,NSE_FO|66846,580.05,35,579.0,140,35,140
2025-08-01 12:26:15,NSE_FO|66846,579.35,70,580.65,70,70,70
2025-08-01 12:26:16,NSE_FO|66846,579.35,70,579.5,35,70,35
2025-08-01 12:26:17,NSE_FO|66846,579.35,70,578.6,140,175,140
2025-08-01 12:26:19,NSE_FO|66846,579.35,70,579.5,105,70,105
2025-08-01 12:26:19,NSE_FO|66846,579.35,70,579.5,105,70,105
2025-08-01 12:26:20,NSE_FO|66846,578.05,35,578.05,105,70,105
2025-08-01 12:26:20,NSE_FO|66846,578.05,35,578.05,105,70,105
2025-08-01 12:26:21,NSE_FO|66846,578.05,35,578.45,105,140,105
2025-08-01 12:26:22,NSE_FO|66846,577.3,35,578.45,105,140,105
2025-08-01 12:26:23,NSE_FO|66846,577.2,35,578.45,105,140,105
2025-08-01 12:26:24,NSE_FO|66846,580.2,35,578.1,105,70,105
2025-08-01 12:26:24,NSE_FO|66846,578.15,35,578.1,105,70,105
2025-08-01 12:26:25,NSE_FO|66846,578.15,35,578.7,70,140,70
2025-08-01 12:26:26,NSE_FO|66846,578.15,35,578.85,140,70,140
2025-08-01 12:26:26,NSE_FO|66846,582.0,35,578.85,140,70,140
2025-08-01 12:26:27,NSE_FO|66846,579.65,35,579.25,175,140,175
2025-08-01 12:26:28,NSE_FO|66846,579.65,35,578.8,70,70,70
2025-08-01 12:26:29,NSE_FO|66846,580.55,35,578.8,70,70,70
2025-08-01 12:26:29,NSE_FO|66846,580.55,35,577.95,70,140,70
2025-08-01 12:26:31,NSE_FO|66846,580.55,35,578.0,210,140,210
2025-08-01 12:26:32,NSE_FO|66846,580.55,35,578.8,70,105,70
2025-08-01 12:26:33,NSE_FO|66846,578.7,35,578.8,70,105,70
2025-08-01 12:26:33,NSE_FO|66846,578.7,35,578.5,70,140,70
2025-08-01 12:26:35,NSE_FO|66846,578.7,35,578.4,70,175,70
2025-08-01 12:26:35,NSE_FO|66846,579.5,35,578.4,70,175,70
2025-08-01 12:26:36,NSE_FO|66846,579.5,35,578.1,70,70,70
2025-08-01 12:26:38,NSE_FO|66846,579.5,35,578.5,175,140,175
2025-08-01 12:26:39,NSE_FO|66846,580.1,35,578.5,175,140,175
2025-08-01 12:26:39,NSE_FO|66846,580.1,35,579.05,105,105,105
2025-08-01 12:26:41,NSE_FO|66846,580.45,35,578.8,140,140,140
2025-08-01 12:26:41,NSE_FO|66846,580.45,35,578.8,140,140,140
2025-08-01 12:26:41,NSE_FO|66846,580.45,35,578.8,140,140,140
2025-08-01 12:26:42,NSE_FO|66846,578.0,245,577.45,70,105,70
2025-08-01 12:26:42,NSE_FO|66846,578.0,245,577.45,70,105,70
2025-08-01 12:26:43,NSE_FO|66846,578.0,245,578.0,70,35,70
2025-08-01 12:26:43,NSE_FO|66846,578.7,35,578.0,70,35,70
2025-08-01 12:26:44,NSE_FO|66846,578.7,35,578.65,105,140,105
2025-08-01 12:26:45,NSE_FO|66846,580.7,35,578.65,105,140,105
2025-08-01 12:26:46,NSE_FO|66846,580.7,35,579.15,35,70,35
2025-08-01 12:26:46,NSE_FO|66846,580.45,35,579.15,35,70,35
2025-08-01 12:26:47,NSE_FO|66846,580.45,35,578.1,70,70,70
2025-08-01 12:26:48,NSE_FO|66846,580.45,35,578.45,35,140,35
2025-08-01 12:26:48,NSE_FO|66846,580.45,35,578.45,35,140,35
2025-08-01 12:26:49,NSE_FO|66846,580.75,35,578.45,35,140,35
2025-08-01 12:26:50,NSE_FO|66846,580.75,35,578.45,35,140,35
2025-08-01 12:26:51,NSE_FO|66846,581.65,35,580.55,105,105,105
2025-08-01 12:26:51,NSE_FO|66846,581.0,70,580.55,105,105,105
2025-08-01 12:26:52,NSE_FO|66846,582.0,210,582.6,140,105,140
2025-08-01 12:26:52,NSE_FO|66846,582.0,210,582.6,140,105,140
2025-08-01 12:26:53,NSE_FO|66846,582.25,70,582.6,140,105,140
2025-08-01 12:26:53,NSE_FO|66846,582.25,70,581.5,105,105,105
2025-08-01 12:26:54,NSE_FO|66846,581.45,35,581.5,105,105,105
2025-08-01 12:26:54,NSE_FO|66846,583.3,35,582.3,70,105,70
2025-08-01 12:26:55,NSE_FO|66846,584.0,35,582.3,70,105,70
2025-08-01 12:26:56,NSE_FO|66846,584.95,35,583.5,140,70,140
2025-08-01 12:26:56,NSE_FO|66846,584.95,35,583.5,140,70,140
2025-08-01 12:26:57,NSE_FO|66846,584.95,35,582.65,140,35,140
2025-08-01 12:26:58,NSE_FO|66846,583.05,35,582.65,140,35,140
2025-08-01 12:26:58,NSE_FO|66846,583.05,35,583.5,175,175,175
2025-08-01 12:26:58,NSE_FO|66846,584.7,35,583.5,175,175,175
2025-08-01 12:26:59,NSE_FO|66846,583.15,35,583.5,175,175,175
2025-08-01 12:26:59,NSE_FO|66846,583.15,35,583.15,70,140,70
2025-08-01 12:27:01,NSE_FO|66846,584.55,35,582.75,70,105,70
2025-08-01 12:27:01,NSE_FO|66846,584.2,35,582.75,70,105,70
2025-08-01 12:27:02,NSE_FO|66846,584.2,35,582.15,175,105,175
2025-08-01 12:27:04,NSE_FO|66846,580.05,35,582.15,175,105,175
2025-08-01 12:27:05,NSE_FO|66846,581.55,35,582.15,175,105,175
2025-08-01 12:27:05,NSE_FO|66846,581.55,35,580.65,70,105,70
2025-08-01 12:27:06,NSE_FO|66846,580.8,35,580.65,70,105,70
2025-08-01 12:27:06,NSE_FO|66846,580.8,35,580.2,140,35,140
2025-08-01 12:27:08,NSE_FO|66846,580.8,35,580.55,105,105,105
2025-08-01 12:27:09,NSE_FO|66846,580.2,35,580.55,105,105,105
2025-08-01 12:27:09,NSE_FO|66846,580.2,35,580.25,35,70,35
2025-08-01 12:27:09,NSE_FO|66846,581.95,35,580.25,35,70,35
2025-08-01 12:27:10,NSE_FO|66846,581.95,35,580.2,105,35,105
2025-08-01 12:27:11,NSE_FO|66846,581.95,35,580.15,70,35,70
2025-08-01 12:27:12,NSE_FO|66846,581.95,35,580.3,140,70,140
2025-08-01 12:27:14,NSE_FO|66846,581.95,35,581.65,35,105,35
2025-08-01 12:27:15,NSE_FO|66846,583.0,35,582.35,70,70,70
2025-08-01 12:27:16,NSE_FO|66846,583.45,35,582.35,70,70,70
2025-08-01 12:27:16,NSE_FO|66846,583.45,35,582.05,70,70,70
2025-08-01 12:27:16,NSE_FO|66846,582.35,35,582.05,70,70,70
2025-08-01 12:27:17,NSE_FO|66846,581.9,35,582.05,70,70,70
2025-08-01 12:27:17,NSE_FO|66846,581.9,35,581.8,105,70,105
2025-08-01 12:27:18,NSE_FO|66846,581.9,35,581.85,70,70,70
2025-08-01 12:27:19,NSE_FO|66846,582.4,35,581.15,35,70,35
2025-08-01 12:27:20,NSE_FO|66846,582.4,35,581.15,35,70,35
2025-08-01 12:27:20,NSE_FO|66846,582.75,35,581.15,35,70,35
2025-08-01 12:27:21,NSE_FO|66846,582.75,35,580.65,35,105,35
2025-08-01 12:27:22,NSE_FO|66846,581.0,35,580.25,35,105,35
2025-08-01 12:27:23,NSE_FO|66846,581.0,35,580.75,70,105,70
2025-08-01 12:27:24,NSE_FO|66846,581.0,35,580.95,35,140,35
2025-08-01 12:27:25,NSE_FO|66846,583.45,35,580.95,35,140,35
2025-08-01 12:27:25,NSE_FO|66846,583.45,35,580.95,35,140,35
2025-08-01 12:27:26,NSE_FO|66846,583.45,35,580.65,70,70,70
2025-08-01 12:27:27,NSE_FO|66846,583.45,35,581.0,70,105,70
2025-08-01 12:27:28,NSE_FO|66846,583.45,35,580.35,70,70,70
2025-08-01 12:27:29,NSE_FO|66846,583.45,35,580.25,105,70,105
2025-08-01 12:27:30,NSE_FO|66846,581.6,35,580.25,105,70,105
2025-08-01 12:27:31,NSE_FO|66846,581.6,35,580.45,35,105,35
2025-08-01 12:27:32,NSE_FO|66846,581.6,35,580.35,105,70,105
2025-08-01 12:27:33,NSE_FO|66846,581.6,35,580.7,70,140,70
2025-08-01 12:27:34,NSE_FO|66846,581.6,35,580.7,70,70,70
2025-08-01 12:27:35,NSE_FO|66846,581.6,35,581.5,140,70,140
2025-08-01 12:27:36,NSE_FO|66846,581.6,35,581.45,35,105,35
2025-08-01 12:27:37,NSE_FO|66846,581.55,35,581.45,35,105,35
2025-08-01 12:27:37,NSE_FO|66846,582.85,35,581.45,35,105,35
2025-08-01 12:27:38,NSE_FO|66846,583.0,35,581.45,35,105,35
2025-08-01 12:27:39,NSE_FO|66846,583.0,35,581.0,70,35,70
2025-08-01 12:27:39,NSE_FO|66846,581.0,35,581.0,70,35,70
2025-08-01 12:27:40,NSE_FO|66846,582.2,35,580.35,105,105,105
2025-08-01 12:27:43,NSE_FO|66846,582.2,35,580.65,35,105,35
2025-08-01 12:27:44,NSE_FO|66846,582.2,35,580.9,70,70,70
2025-08-01 12:27:45,NSE_FO|66846,582.2,35,580.3,70,105,70
2025-08-01 12:27:46,NSE_FO|66846,581.75,35,580.1,35,70,35
2025-08-01 12:27:47,NSE_FO|66846,581.6,35,580.1,35,70,35
2025-08-01 12:27:48,NSE_FO|66846,581.6,35,580.0,35,350,35
2025-08-01 12:27:48,NSE_FO|66846,577.5,35,580.0,35,350,35
2025-08-01 12:27:49,NSE_FO|66846,579.8,35,580.0,35,350,35
2025-08-01 12:27:50,NSE_FO|66846,579.8,35,580.0,35,350,35
2025-08-01 12:27:50,NSE_FO|66846,579.8,35,578.05,175,35,175
2025-08-01 12:27:51,NSE_FO|66846,580.0,35,578.05,175,35,175
2025-08-01 12:27:51,NSE_FO|66846,580.0,35,579.4,140,70,140
2025-08-01 12:27:52,NSE_FO|66846,580.0,35,579.4,140,70,140
2025-08-01 12:27:52,NSE_FO|66846,580.0,35,577.9,70,70,70
2025-08-01 12:27:54,NSE_FO|66846,580.0,35,577.8,70,140,70
2025-08-01 12:27:55,NSE_FO|66846,580.0,35,579.2,105,105,105
2025-08-01 12:27:56,NSE_FO|66846,580.0,35,579.0,70,35,70
2025-08-01 12:27:57,NSE_FO|66846,580.35,35,579.8,70,70,70
2025-08-01 12:27:57,NSE_FO|66846,580.35,35,579.8,70,70,70
2025-08-01 12:27:58,NSE_FO|66846,580.55,35,579.8,70,70,70
2025-08-01 12:27:58,NSE_FO|66846,580.55,35,579.0,35,105,35
2025-08-01 12:27:59,NSE_FO|66846,580.7,35,579.0,35,105,35
2025-08-01 12:28:00,NSE_FO|66846,580.7,35,580.05,70,105,70
2025-08-01 12:28:01,NSE_FO|66846,580.7,35,579.7,70,70,70
2025-08-01 12:28:02,NSE_FO|66846,580.7,35,579.35,105,140,105
2025-08-01 12:28:03,NSE_FO|66846,579.7,70,579.35,105,140,105
2025-08-01 12:28:03,NSE_FO|66846,579.7,70,579.45,70,70,70
2025-08-01 12:28:04,NSE_FO|66846,581.5,35,579.45,105,35,105
2025-08-01 12:28:04,NSE_FO|66846,581.5,35,579.45,105,35,105
2025-08-01 12:28:05,NSE_FO|66846,577.0,35,575.55,175,70,175
2025-08-01 12:28:06,NSE_FO|66846,578.1,35,575.55,175,70,175
2025-08-01 12:28:06,NSE_FO|66846,578.1,35,577.2,105,210,105
2025-08-01 12:28:07,NSE_FO|66846,580.2,35,577.2,105,210,105
2025-08-01 12:28:08,NSE_FO|66846,579.4,35,579.3,105,35,105
2025-08-01 12:28:08,NSE_FO|66846,579.4,35,579.3,105,35,105
2025-08-01 12:28:09,NSE_FO|66846,580.0,70,579.4,70,70,70
2025-08-01 12:28:10,NSE_FO|66846,581.95,35,579.4,70,70,70
2025-08-01 12:28:10,NSE_FO|66846,581.95,35,580.4,70,35,70
2025-08-01 12:28:11,NSE_FO|66846,581.85,35,580.4,70,35,70
2025-08-01 12:28:11,NSE_FO|66846,581.85,35,580.4,70,35,70
2025-08-01 12:28:13,NSE_FO|66846,581.85,35,580.3,245,140,245
2025-08-01 12:28:13,NSE_FO|66846,581.9,70,580.3,245,140,245
2025-08-01 12:28:14,NSE_FO|66846,581.9,70,580.85,105,105,105
2025-08-01 12:28:15,NSE_FO|66846,581.9,70,581.2,70,70,70
2025-08-01 12:28:16,NSE_FO|66846,581.9,70,581.35,70,140,70
2025-08-01 12:28:17,NSE_FO|66846,581.35,35,581.35,70,140,70
2025-08-01 12:28:18,NSE_FO|66846,581.35,35,580.2,210,105,210
2025-08-01 12:28:19,NSE_FO|66846,581.35,35,580.95,70,105,70
2025-08-01 12:28:20,NSE_FO|66846,581.35,35,580.95,70,105,70
2025-08-01 12:28:20,NSE_FO|66846,581.35,35,581.45,105,70,105
2025-08-01 12:28:20,NSE_FO|66846,583.0,70,581.45,105,70,105
2025-08-01 12:28:21,NSE_FO|66846,582.1,35,581.75,420,175,420
2025-08-01 12:28:22,NSE_FO|66846,584.0,35,581.75,420,175,420
2025-08-01 12:28:22,NSE_FO|66846,584.0,35,582.95,70,35,70
2025-08-01 12:28:24,NSE_FO|66846,584.0,35,583.1,70,70,70
2025-08-01 12:28:24,NSE_FO|66846,582.85,35,583.1,70,70,70
2025-08-01 12:28:25,NSE_FO|66846,585.4,35,583.1,70,70,70
2025-08-01 12:28:26,NSE_FO|66846,582.65,70,583.1,70,70,70
2025-08-01 12:28:26,NSE_FO|66846,582.65,70,582.9,105,70,105
2025-08-01 12:28:27,NSE_FO|66846,582.9,35,582.9,105,70,105
2025-08-01 12:28:27,NSE_FO|66846,582.9,35,582.3,140,70,140
2025-08-01 12:28:29,NSE_FO|66846,582.9,35,581.3,35,140,35
2025-08-01 12:28:30,NSE_FO|66846,583.1,35,581.3,35,140,35
2025-08-01 12:28:30,NSE_FO|66846,583.1,35,581.8,105,70,105
2025-08-01 12:28:31,NSE_FO|66846,582.9,35,581.6,70,70,70
2025-08-01 12:28:32,NSE_FO|66846,583.9,35,582.5,35,70,35
2025-08-01 12:28:32,NSE_FO|66846,583.9,35,582.5,35,70,35
2025-08-01 12:28:34,NSE_FO|66846,583.9,35,582.35,35,105,35
2025-08-01 12:28:34,NSE_FO|66846,582.25,70,582.35,35,105,35
2025-08-01 12:28:34,NSE_FO|66846,582.25,70,582.45,35,70,35
2025-08-01 12:28:35,NSE_FO|66846,583.1,35,582.45,35,70,35
2025-08-01 12:28:36,NSE_FO|66846,583.1,35,583.25,70,105,70
2025-08-01 12:28:37,NSE_FO|66846,584.8,35,583.25,70,105,70
2025-08-01 12:28:37,NSE_FO|66846,584.8,35,583.6,70,70,70
2025-08-01 12:28:37,NSE_FO|66846,584.55,35,583.6,70,70,70
2025-08-01 12:28:38,NSE_FO|66846,584.55,35,583.15,70,70,70
2025-08-01 12:28:40,NSE_FO|66846,583.95,35,582.6,70,35,70
2025-08-01 12:28:41,NSE_FO|66846,583.95,35,582.5,105,70,105
2025-08-01 12:28:42,NSE_FO|66846,583.95,35,582.0,140,35,140
2025-08-01 12:28:43,NSE_FO|66846,583.65,35,582.0,140,35,140
2025-08-01 12:28:43,NSE_FO|66846,583.65,35,582.2,70,70,70
2025-08-01 12:28:44,NSE_FO|66846,583.65,35,582.1,140,105,140
2025-08-01 12:28:45,NSE_FO|66846,582.0,35,582.1,140,105,140
2025-08-01 12:28:46,NSE_FO|66846,583.9,35,582.7,35,105,35
2025-08-01 12:28:46,NSE_FO|66846,582.7,70,582.7,35,105,35
2025-08-01 12:28:47,NSE_FO|66846,582.7,70,582.7,35,70,35
2025-08-01 12:28:48,NSE_FO|66846,582.7,70,582.85,35,70,35
2025-08-01 12:28:49,NSE_FO|66846,583.75,35,582.45,70,105,70
2025-08-01 12:28:50,NSE_FO|66846,583.75,35,582.45,70,105,70
2025-08-01 12:28:50,NSE_FO|66846,583.75,35,583.05,35,35,35
2025-08-01 12:28:51,NSE_FO|66846,583.05,35,583.05,35,35,35
2025-08-01 12:28:52,NSE_FO|66846,583.05,35,583.0,70,35,70
2025-08-01 12:28:53,NSE_FO|66846,584.0,35,583.0,70,35,70
2025-08-01 12:28:53,NSE_FO|66846,584.0,35,584.25,35,105,35
2025-08-01 12:28:54,NSE_FO|66846,585.0,35,584.25,35,105,35
2025-08-01 12:28:54,NSE_FO|66846,585.0,35,584.65,35,105,35
2025-08-01 12:28:55,NSE_FO|66846,585.0,35,584.65,35,105,35
2025-08-01 12:28:55,NSE_FO|66846,585.1,35,585.0,105,35,105
2025-08-01 12:28:57,NSE_FO|66846,585.1,35,584.9,35,70,35
2025-08-01 12:28:57,NSE_FO|66846,586.6,35,584.9,35,70,35
2025-08-01 12:28:58,NSE_FO|66846,585.75,70,584.9,35,70,35
2025-08-01 12:28:58,NSE_FO|66846,585.75,70,584.25,70,70,70
2025-08-01 12:28:58,NSE_FO|66846,585.9,35,584.25,70,70,70
2025-08-01 12:28:59,NSE_FO|66846,585.7,35,584.15,70,70,70
2025-08-01 12:29:00,NSE_FO|66846,585.4,35,584.15,70,70,70
2025-08-01 12:29:00,NSE_FO|66846,585.4,35,583.0,175,35,175
2025-08-01 12:29:01,NSE_FO|66846,584.0,35,583.0,175,35,175
2025-08-01 12:29:02,NSE_FO|66846,584.0,35,583.0,70,35,70
2025-08-01 12:29:04,NSE_FO|66846,584.0,35,583.55,70,105,70
2025-08-01 12:29:04,NSE_FO|66846,584.0,35,583.85,175,105,175
2025-08-01 12:29:04,NSE_FO|66846,585.2,70,583.85,175,105,175
2025-08-01 12:29:05,NSE_FO|66846,585.2,70,583.05,70,35,70
2025-08-01 12:29:06,NSE_FO|66846,583.0,35,583.05,70,35,70
2025-08-01 12:29:06,NSE_FO|66846,583.0,35,580.25,70,105,70
2025-08-01 12:29:07,NSE_FO|66846,582.45,70,580.25,70,105,70
2025-08-01 12:29:08,NSE_FO|66846,582.2,35,581.05,210,140,210
2025-08-01 12:29:08,NSE_FO|66846,582.75,35,581.05,210,140,210
2025-08-01 12:29:09,NSE_FO|66846,582.75,35,581.35,70,70,70
2025-08-01 12:29:09,NSE_FO|66846,582.9,35,581.35,70,70,70
2025-08-01 12:29:11,NSE_FO|66846,582.9,35,581.35,70,70,70
2025-08-01 12:29:11,NSE_FO|66846,582.65,35,581.35,70,70,70
2025-08-01 12:29:12,NSE_FO|66846,583.1,35,581.35,70,70,70
2025-08-01 12:29:13,NSE_FO|66846,582.95,35,581.45,70,70,70
2025-08-01 12:29:13,NSE_FO|66846,582.95,35,581.45,70,70,70
2025-08-01 12:29:14,NSE_FO|66846,582.95,35,581.45,140,105,140
2025-08-01 12:29:14,NSE_FO|66846,581.0,35,581.45,140,105,140
2025-08-01 12:29:15,NSE_FO|66846,582.1,35,580.6,105,105,105
2025-08-01 12:29:15,NSE_FO|66846,580.6,35,580.6,105,105,105
2025-08-01 12:29:16,NSE_FO|66846,580.5,70,580.6,105,105,105
2025-08-01 12:29:16,NSE_FO|66846,580.5,70,580.55,70,35,70
2025-08-01 12:29:17,NSE_FO|66846,580.5,70,580.55,70,35,70
2025-08-01 12:29:17,NSE_FO|66846,580.5,70,581.2,70,35,70
2025-08-01 12:29:19,NSE_FO|66846,583.6,35,581.2,70,35,70
2025-08-01 12:29:20,NSE_FO|66846,583.6,35,581.2,70,35,70
2025-08-01 12:29:20,NSE_FO|66846,583.6,35,581.85,105,175,105
2025-08-01 12:29:20,NSE_FO|66846,583.6,35,581.85,105,175,105
2025-08-01 12:29:21,NSE_FO|66846,583.6,35,582.1,70,105,70
2025-08-01 12:29:22,NSE_FO|66846,583.6,35,581.95,70,70,70
2025-08-01 12:29:24,NSE_FO|66846,583.6,35,582.9,70,35,70
2025-08-01 12:29:25,NSE_FO|66846,583.6,35,583.65,35,105,35
2025-08-01 12:29:27,NSE_FO|66846,583.6,35,583.85,105,105,105
2025-08-01 12:29:29,NSE_FO|66846,583.6,35,583.35,105,140,105
2025-08-01 12:29:30,NSE_FO|66846,583.6,35,583.75,105,140,105
2025-08-01 12:29:30,NSE_FO|66846,584.05,35,583.75,105,140,105
2025-08-01 12:29:31,NSE_FO|66846,584.05,35,584.15,70,105,70
2025-08-01 12:29:32,NSE_FO|66846,585.15,35,584.15,70,105,70
2025-08-01 12:29:32,NSE_FO|66846,585.15,35,583.85,105,70,105
2025-08-01 12:29:34,NSE_FO|66846,583.2,35,582.9,70,35,70
2025-08-01 12:29:34,NSE_FO|66846,582.9,35,582.9,70,35,70
2025-08-01 12:29:35,NSE_FO|66846,582.9,35,583.95,105,105,105
2025-08-01 12:29:36,NSE_FO|66846,585.2,35,585.0,35,175,35
2025-08-01 12:29:36,NSE_FO|66846,585.2,35,585.0,35,175,35
2025-08-01 12:29:37,NSE_FO|66846,585.2,35,585.0,35,105,35
2025-08-01 12:29:38,NSE_FO|66846,585.05,35,585.0,35,105,35
2025-08-01 12:29:38,NSE_FO|66846,585.0,105,585.0,35,105,35
2025-08-01 12:29:39,NSE_FO|66846,585.15,35,583.4,70,105,70
2025-08-01 12:29:39,NSE_FO|66846,584.0,35,583.4,70,105,70
2025-08-01 12:29:40,NSE_FO|66846,584.0,35,584.3,70,105,70
2025-08-01 12:29:40,NSE_FO|66846,585.8,35,584.3,70,105,70
2025-08-01 12:29:41,NSE_FO|66846,585.8,35,585.9,35,105,35
2025-08-01 12:29:41,NSE_FO|66846,586.95,35,585.9,35,105,35
2025-08-01 12:29:42,NSE_FO|66846,587.5,35,586.0,70,105,70
2025-08-01 12:29:43,NSE_FO|66846,587.5,35,586.7,35,70,35
2025-08-01 12:29:45,NSE_FO|66846,586.55,35,586.05,35,70,35
2025-08-01 12:29:45,NSE_FO|66846,586.05,35,586.05,35,70,35
2025-08-01 12:29:46,NSE_FO|66846,587.15,35,585.5,105,70,105
2025-08-01 12:29:46,NSE_FO|66846,587.15,35,585.5,105,70,105
2025-08-01 12:29:47,NSE_FO|66846,587.15,35,585.9,105,105,105
2025-08-01 12:29:47,NSE_FO|66846,587.5,35,585.9,105,105,105
2025-08-01 12:29:48,NSE_FO|66846,587.5,35,585.4,70,70,70
2025-08-01 12:29:49,NSE_FO|66846,587.5,35,585.4,70,70,70
2025-08-01 12:29:50,NSE_FO|66846,589.0,350,587.8,70,140,70
2025-08-01 12:29:50,NSE_FO|66846,586.8,35,587.8,70,140,70
2025-08-01 12:29:51,NSE_FO|66846,589.1,70,587.3,70,105,70
2025-08-01 12:29:51,NSE_FO|66846,588.15,35,587.3,70,105,70
2025-08-01 12:29:53,NSE_FO|66846,586.1,35,587.7,70,245,70
2025-08-01 12:29:56,NSE_FO|66846,588.7,35,587.9,70,210,70
2025-08-01 12:29:56,NSE_FO|66846,588.7,35,587.9,70,210,70
2025-08-01 12:29:57,NSE_FO|66846,590.0,35,588.85,210,140,210
2025-08-01 12:29:57,NSE_FO|66846,590.0,35,588.85,210,140,210
2025-08-01 12:29:58,NSE_FO|66846,590.0,35,589.85,560,105,560
2025-08-01 12:29:58,NSE_FO|66846,590.0,35,589.85,560,105,560
2025-08-01 12:29:59,NSE_FO|66846,589.8,35,589.85,560,105,560
2025-08-01 12:29:59,NSE_FO|66846,589.8,35,588.55,70,35,70
2025-08-01 12:30:00,NSE_FO|66846,589.9,35,588.55,70,35,70
2025-08-01 12:30:01,NSE_FO|66846,591.35,35,588.55,70,35,70
2025-08-01 12:30:02,NSE_FO|66846,591.3,35,590.7,35,70,35
2025-08-01 12:30:02,NSE_FO|66846,591.3,35,590.7,35,70,35
2025-08-01 12:30:03,NSE_FO|66846,591.0,35,590.3,70,70,70
2025-08-01 12:30:03,NSE_FO|66846,590.2,70,590.3,70,70,70
2025-08-01 12:30:04,NSE_FO|66846,590.75,35,590.3,70,70,70
2025-08-01 12:30:04,NSE_FO|66846,591.0,35,590.8,35,175,35
2025-08-01 12:30:05,NSE_FO|66846,592.1,70,590.8,35,175,35
2025-08-01 12:30:06,NSE_FO|66846,592.1,70,591.55,175,70,175
2025-08-01 12:30:07,NSE_FO|66846,592.25,35,590.35,35,35,35
2025-08-01 12:30:07,NSE_FO|66846,589.9,35,590.35,35,35,35
2025-08-01 12:30:08,NSE_FO|66846,590.55,35,589.7,70,70,70
2025-08-01 12:30:08,NSE_FO|66846,590.55,35,589.7,70,70,70
2025-08-01 12:30:09,NSE_FO|66846,591.05,35,589.7,70,70,70
2025-08-01 12:30:10,NSE_FO|66846,591.3,35,589.7,70,70,70
2025-08-01 12:30:11,NSE_FO|66846,591.1,35,589.75,35,105,35
2025-08-01 12:30:11,NSE_FO|66846,591.7,35,589.75,35,105,35
2025-08-01 12:30:12,NSE_FO|66846,591.7,35,590.85,105,70,105
2025-08-01 12:30:13,NSE_FO|66846,591.7,35,591.65,35,70,35
2025-08-01 12:30:13,NSE_FO|66846,593.0,35,591.65,35,70,35
2025-08-01 12:30:14,NSE_FO|66846,591.4,35,591.45,70,140,70
2025-08-01 12:30:15,NSE_FO|66846,591.0,35,591.45,70,140,70
2025-08-01 12:30:15,NSE_FO|66846,590.95,35,590.7,70,70,70
2025-08-01 12:30:16,NSE_FO|66846,590.95,35,590.7,70,70,70
2025-08-01 12:30:17,NSE_FO|66846,592.0,35,591.5,35,35,35
2025-08-01 12:30:17,NSE_FO|66846,592.0,35,591.5,35,35,35
2025-08-01 12:30:18,NSE_FO|66846,593.6,35,591.85,70,140,70
2025-08-01 12:30:18,NSE_FO|66846,593.6,35,591.85,70,140,70
2025-08-01 12:30:19,NSE_FO|66846,592.15,70,591.0,105,385,105
2025-08-01 12:30:19,NSE_FO|66846,592.15,70,591.0,105,385,105
2025-08-01 12:30:20,NSE_FO|66846,592.15,35,591.0,105,385,105
2025-08-01 12:30:20,NSE_FO|66846,592.8,35,591.55,35,70,35
2025-08-01 12:30:21,NSE_FO|66846,592.5,70,591.55,35,70,35
2025-08-01 12:30:21,NSE_FO|66846,592.15,35,591.0,105,385,105
2025-08-01 12:30:22,NSE_FO|66846,591.75,35,591.0,105,385,105
2025-08-01 12:30:23,NSE_FO|66846,591.75,35,591.6,70,105,70
2025-08-01 12:30:23,NSE_FO|66846,592.8,35,591.6,70,105,70
2025-08-01 12:30:24,NSE_FO|66846,592.8,35,591.85,70,35,70
2025-08-01 12:30:24,NSE_FO|66846,592.8,35,591.85,70,35,70
2025-08-01 12:30:25,NSE_FO|66846,593.0,35,592.05,35,35,35
2025-08-01 12:30:25,NSE_FO|66846,593.0,35,592.05,35,35,35
2025-08-01 12:30:26,NSE_FO|66846,592.5,35,592.05,35,35,35
2025-08-01 12:30:27,NSE_FO|66846,590.95,140,592.05,35,35,35
2025-08-01 12:30:28,NSE_FO|66846,590.95,140,590.3,35,105,35
2025-08-01 12:30:28,NSE_FO|66846,590.15,35,590.3,35,105,35
2025-08-01 12:30:29,NSE_FO|66846,591.25,35,590.35,70,140,70
2025-08-01 12:30:29,NSE_FO|66846,591.25,35,590.35,70,140,70
2025-08-01 12:30:30,NSE_FO|66846,591.7,35,590.55,105,70,105
2025-08-01 12:30:30,NSE_FO|66846,591.7,35,590.55,105,70,105
2025-08-01 12:30:31,NSE_FO|66846,591.7,35,591.25,70,70,70
2025-08-01 12:30:32,NSE_FO|66846,591.25,35,591.25,70,70,70
2025-08-01 12:30:33,NSE_FO|66846,591.25,35,590.4,105,105,105
2025-08-01 12:30:33,NSE_FO|66846,587.85,35,590.4,105,105,105
2025-08-01 12:30:34,NSE_FO|66846,584.0,35,583.75,70,35,70
2025-08-01 12:30:34,NSE_FO|66846,581.75,35,583.75,70,35,70
2025-08-01 12:30:35,NSE_FO|66846,584.8,35,583.3,105,70,105
2025-08-01 12:30:35,NSE_FO|66846,583.35,35,583.3,105,70,105
2025-08-01 12:30:36,NSE_FO|66846,582.9,35,582.65,140,105,140
2025-08-01 12:30:36,NSE_FO|66846,584.3,35,582.65,140,105,140
2025-08-01 12:30:37,NSE_FO|66846,584.3,35,581.3,70,35,70
2025-08-01 12:30:38,NSE_FO|66846,581.3,35,581.3,70,35,70
2025-08-01 12:30:38,NSE_FO|66846,581.3,35,581.3,70,35,70
2025-08-01 12:30:38,NSE_FO|66846,581.3,35,581.25,70,105,70
2025-08-01 12:30:40,NSE_FO|66846,583.35,35,581.65,140,70,140
2025-08-01 12:30:40,NSE_FO|66846,583.35,35,581.65,140,70,140
2025-08-01 12:30:40,NSE_FO|66846,582.4,35,581.65,140,70,140
2025-08-01 12:30:41,NSE_FO|66846,582.4,35,582.45,385,140,385
2025-08-01 12:30:41,NSE_FO|66846,583.8,35,582.45,385,140,385
2025-08-01 12:30:42,NSE_FO|66846,583.6,35,582.15,70,70,70
2025-08-01 12:30:43,NSE_FO|66846,582.8,35,582.15,70,70,70
2025-08-01 12:30:45,NSE_FO|66846,582.95,35,582.95,35,35,35
2025-08-01 12:30:45,NSE_FO|66846,582.95,35,582.95,35,35,35
2025-08-01 12:30:46,NSE_FO|66846,582.95,35,583.45,70,105,70
2025-08-01 12:30:47,NSE_FO|66846,582.75,70,582.8,245,210,245
2025-08-01 12:30:47,NSE_FO|66846,582.8,35,582.8,245,210,245
2025-08-01 12:30:48,NSE_FO|66846,583.15,35,581.7,70,175,70
2025-08-01 12:30:49,NSE_FO|66846,583.15,70,581.7,70,175,70
2025-08-01 12:30:49,NSE_FO|66846,583.15,70,581.75,70,105,70
2025-08-01 12:30:50,NSE_FO|66846,583.15,70,581.75,70,105,70
2025-08-01 12:30:51,NSE_FO|66846,583.15,70,581.9,70,70,70
2025-08-01 12:30:52,NSE_FO|66846,583.15,70,581.2,70,70,70
2025-08-01 12:30:52,NSE_FO|66846,581.65,35,581.2,70,70,70
2025-08-01 12:30:53,NSE_FO|66846,581.25,35,581.2,35,105,35
2025-08-01 12:30:53,NSE_FO|66846,581.25,35,581.2,35,105,35
2025-08-01 12:30:54,NSE_FO|66846,581.25,35,581.15,105,70,105
2025-08-01 12:30:54,NSE_FO|66846,580.55,35,581.15,105,70,105
2025-08-01 12:30:55,NSE_FO|66846,580.0,140,580.0,35,1610,35
2025-08-01 12:30:56,NSE_FO|66846,577.0,70,575.9,210,70,210
2025-08-01 12:30:57,NSE_FO|66846,577.25,35,575.9,210,70,210
2025-08-01 12:30:58,NSE_FO|66846,576.3,35,576.3,105,70,105
2025-08-01 12:30:58,NSE_FO|66846,576.0,70,576.3,105,70,105
2025-08-01 12:30:59,NSE_FO|66846,577.55,35,575.95,105,35,105
2025-08-01 12:30:59,NSE_FO|66846,575.2,35,575.95,105,35,105
2025-08-01 12:31:00,NSE_FO|66846,573.65,35,573.65,1540,35,1540
2025-08-01 12:31:00,NSE_FO|66846,573.65,35,573.65,1540,35,1540
2025-08-01 12:31:01,NSE_FO|66846,572.8,35,572.65,175,70,175
2025-08-01 12:31:02,NSE_FO|66846,573.0,35,572.65,175,70,175
2025-08-01 12:31:03,NSE_FO|66846,569.65,35,570.0,70,175,70
2025-08-01 12:31:03,NSE_FO|66846,567.65,35,570.0,70,175,70
2025-08-01 12:31:04,NSE_FO|66846,569.4,35,568.1,70,70,70
2025-08-01 12:31:05,NSE_FO|66846,565.0,70,565.0,35,175,35
2025-08-01 12:31:05,NSE_FO|66846,563.6,35,565.0,35,175,35
2025-08-01 12:31:06,NSE_FO|66846,562.9,35,565.0,35,175,35
2025-08-01 12:31:07,NSE_FO|66846,561.35,35,561.8,70,70,70
2025-08-01 12:31:07,NSE_FO|66846,564.0,35,561.8,70,70,70
2025-08-01 12:31:08,NSE_FO|66846,564.65,35,564.65,70,35,70
2025-08-01 12:31:08,NSE_FO|66846,565.0,70,564.65,70,35,70
2025-08-01 12:31:09,NSE_FO|66846,561.95,35,561.7,35,105,35
2025-08-01 12:31:09,NSE_FO|66846,562.45,35,561.7,35,105,35
2025-08-01 12:31:10,NSE_FO|66846,562.3,35,563.05,105,70,105
2025-08-01 12:31:10,NSE_FO|66846,562.5,35,563.05,105,70,105
2025-08-01 12:31:11,NSE_FO|66846,564.8,35,563.05,105,70,105
2025-08-01 12:31:11,NSE_FO|66846,563.35,35,563.4,70,35,70
2025-08-01 12:31:12,NSE_FO|66846,561.9,35,563.4,70,35,70
2025-08-01 12:31:13,NSE_FO|66846,559.0,35,557.3,70,70,70
2025-08-01 12:31:13,NSE_FO|66846,560.35,35,557.3,70,70,70
2025-08-01 12:31:14,NSE_FO|66846,560.35,35,558.95,140,70,140
2025-08-01 12:31:14,NSE_FO|66846,559.35,35,558.95,140,70,140
2025-08-01 12:31:15,NSE_FO|66846,561.1,35,561.0,35,175,35
2025-08-01 12:31:15,NSE_FO|66846,561.1,35,561.0,35,175,35
2025-08-01 12:31:16,NSE_FO|66846,561.05,35,560.95,70,70,70
2025-08-01 12:31:17,NSE_FO|66846,560.9,70,560.95,70,70,70
2025-08-01 12:31:18,NSE_FO|66846,561.65,35,560.8,105,35,105
2025-08-01 12:31:18,NSE_FO|66846,564.45,35,560.8,105,35,105
2025-08-01 12:31:19,NSE_FO|66846,562.55,35,560.65,105,70,105
2025-08-01 12:31:19,NSE_FO|66846,562.55,35,560.65,105,70,105
2025-08-01 12:31:20,NSE_FO|66846,562.55,35,560.65,105,70,105
2025-08-01 12:31:20,NSE_FO|66846,561.1,35,561.35,105,70,105
2025-08-01 12:31:21,NSE_FO|66846,559.6,35,561.35,105,70,105
2025-08-01 12:31:21,NSE_FO|66846,559.6,35,559.1,70,35,70
2025-08-01 12:31:22,NSE_FO|66846,557.45,35,559.1,70,35,70
2025-08-01 12:31:23,NSE_FO|66846,557.45,35,558.15,70,70,70
2025-08-01 12:31:24,NSE_FO|66846,559.75,35,558.15,70,70,70
2025-08-01 12:31:24,NSE_FO|66846,557.95,35,558.0,35,70,35
2025-08-01 12:31:24,NSE_FO|66846,557.65,35,558.0,35,70,35
2025-08-01 12:31:25,NSE_FO|66846,557.7,245,556.55,140,35,140
2025-08-01 12:31:25,NSE_FO|66846,557.7,245,556.55,140,35,140
2025-08-01 12:31:26,NSE_FO|66846,558.25,35,556.55,140,35,140
2025-08-01 12:31:27,NSE_FO|66846,557.3,35,556.55,140,35,140
2025-08-01 12:31:28,NSE_FO|66846,557.25,35,557.35,70,70,70
2025-08-01 12:31:28,NSE_FO|66846,556.1,35,557.35,70,70,70
2025-08-01 12:31:29,NSE_FO|66846,554.0,35,554.0,35,490,35
2025-08-01 12:31:29,NSE_FO|66846,554.05,35,554.0,35,490,35
2025-08-01 12:31:30,NSE_FO|66846,554.0,35,554.0,140,280,140
2025-08-01 12:31:30,NSE_FO|66846,552.6,35,554.0,140,280,140
2025-08-01 12:31:31,NSE_FO|66846,549.85,35,549.85,140,35,140
2025-08-01 12:31:32,NSE_FO|66846,549.9,35,549.85,140,35,140
2025-08-01 12:31:32,NSE_FO|66846,550.1,35,550.65,35,140,35
2025-08-01 12:31:33,NSE_FO|66846,550.5,35,550.65,35,140,35
2025-08-01 12:31:34,NSE_FO|66846,553.65,35,552.55,70,70,70
2025-08-01 12:31:34,NSE_FO|66846,553.55,35,552.55,70,70,70
2025-08-01 12:31:35,NSE_FO|66846,552.4,35,550.9,35,70,35
2025-08-01 12:31:36,NSE_FO|66846,551.15,35,550.9,35,70,35
2025-08-01 12:31:36,NSE_FO|66846,551.15,35,549.85,70,70,70
2025-08-01 12:31:37,NSE_FO|66846,552.4,35,549.85,70,70,70
2025-08-01 12:31:38,NSE_FO|66846,552.7,35,551.8,35,70,35
2025-08-01 12:31:38,NSE_FO|66846,554.6,70,551.8,35,70,35
2025-08-01 12:31:39,NSE_FO|66846,553.65,35,553.4,70,105,70
2025-08-01 12:31:40,NSE_FO|66846,556.45,35,556.65,35,70,35
2025-08-01 12:31:40,NSE_FO|66846,556.45,35,556.65,35,70,35
2025-08-01 12:31:41,NSE_FO|66846,558.85,35,556.65,35,70,35
2025-08-01 12:31:43,NSE_FO|66846,558.85,35,558.25,140,140,140
2025-08-01 12:31:44,NSE_FO|66846,559.25,35,558.25,140,140,140
2025-08-01 12:31:44,NSE_FO|66846,559.35,35,556.5,35,70,35
2025-08-01 12:31:44,NSE_FO|66846,559.25,35,556.5,35,70,35
2025-08-01 12:31:45,NSE_FO|66846,558.85,35,557.8,70,140,70
2025-08-01 12:31:45,NSE_FO|66846,558.85,35,557.8,70,140,70
2025-08-01 12:31:46,NSE_FO|66846,558.85,35,554.8,175,70,175
2025-08-01 12:31:47,NSE_FO|66846,555.0,35,554.8,175,70,175
2025-08-01 12:31:47,NSE_FO|66846,556.4,70,554.8,175,70,175
2025-08-01 12:31:48,NSE_FO|66846,556.6,35,554.8,175,70,175
2025-08-01 12:31:50,NSE_FO|66846,557.35,35,554.8,175,70,175
2025-08-01 12:31:50,NSE_FO|66846,557.6,35,554.8,175,70,175
2025-08-01 12:31:50,NSE_FO|66846,556.25,35,556.55,105,140,105
2025-08-01 12:31:50,NSE_FO|66846,556.25,35,556.55,105,140,105
2025-08-01 12:31:51,NSE_FO|66846,559.3,35,556.55,105,140,105
2025-08-01 12:31:51,NSE_FO|66846,557.8,35,556.25,105,70,105
2025-08-01 12:31:52,NSE_FO|66846,555.95,35,556.25,105,70,105
2025-08-01 12:31:53,NSE_FO|66846,555.0,70,554.8,70,70,70
2025-08-01 12:31:54,NSE_FO|66846,556.1,35,554.85,105,70,105
2025-08-01 12:31:54,NSE_FO|66846,556.3,35,554.85,105,70,105
2025-08-01 12:31:55,NSE_FO|66846,556.15,35,555.05,70,35,70
2025-08-01 12:31:56,NSE_FO|66846,556.65,35,554.4,70,35,70
2025-08-01 12:31:56,NSE_FO|66846,556.65,35,554.4,70,35,70
2025-08-01 12:31:57,NSE_FO|66846,554.8,35,554.4,70,35,70
2025-08-01 12:31:57,NSE_FO|66846,554.8,35,554.8,140,35,140
2025-08-01 12:31:58,NSE_FO|66846,556.55,35,554.8,140,35,140
2025-08-01 12:31:59,NSE_FO|66846,556.55,35,555.1,140,35,140
2025-08-01 12:31:59,NSE_FO|66846,556.9,35,555.1,140,35,140
2025-08-01 12:32:00,NSE_FO|66846,556.9,35,555.75,70,35,70
2025-08-01 12:32:01,NSE_FO|66846,557.55,35,555.75,70,35,70
2025-08-01 12:32:01,NSE_FO|66846,560.7,35,559.8,105,175,105
2025-08-01 12:32:01,NSE_FO|66846,560.7,35,559.8,105,175,105
2025-08-01 12:32:02,NSE_FO|66846,562.7,35,561.75,175,140,175
2025-08-01 12:32:03,NSE_FO|66846,562.9,35,561.75,175,140,175
2025-08-01 12:32:04,NSE_FO|66846,561.7,70,561.75,175,140,175
2025-08-01 12:32:05,NSE_FO|66846,562.05,35,562.2,105,35,105
2025-08-01 12:32:05,NSE_FO|66846,562.35,35,562.2,105,35,105
2025-08-01 12:32:06,NSE_FO|66846,563.95,35,563.3,70,140,70
2025-08-01 12:32:06,NSE_FO|66846,565.1,35,563.3,70,140,70
2025-08-01 12:32:07,NSE_FO|66846,564.75,35,564.75,70,70,70
2025-08-01 12:32:07,NSE_FO|66846,564.75,35,564.75,70,70,70
2025-08-01 12:32:08,NSE_FO|66846,565.05,35,565.0,70,35,70
2025-08-01 12:32:09,NSE_FO|66846,563.75,35,565.0,70,35,70
2025-08-01 12:32:10,NSE_FO|66846,563.75,35,563.8,175,70,175
2025-08-01 12:32:10,NSE_FO|66846,565.1,35,563.8,175,70,175
2025-08-01 12:32:11,NSE_FO|66846,565.1,35,563.75,70,35,70
2025-08-01 12:32:11,NSE_FO|66846,565.0,70,563.75,70,35,70
2025-08-01 12:32:13,NSE_FO|66846,565.0,70,562.15,105,280,105
2025-08-01 12:32:13,NSE_FO|66846,564.0,35,562.15,105,280,105
2025-08-01 12:32:13,NSE_FO|66846,564.0,35,562.55,35,70,35
2025-08-01 12:32:14,NSE_FO|66846,564.5,35,562.55,35,70,35
2025-08-01 12:32:15,NSE_FO|66846,563.75,35,563.3,35,35,35
2025-08-01 12:32:16,NSE_FO|66846,565.0,35,563.3,35,35,35
2025-08-01 12:32:16,NSE_FO|66846,565.0,35,563.3,35,35,35
2025-08-01 12:32:17,NSE_FO|66846,566.4,35,565.2,70,35,70
2025-08-01 12:32:17,NSE_FO|66846,566.4,35,565.2,70,35,70
2025-08-01 12:32:18,NSE_FO|66846,565.85,35,564.05,105,105,105
2025-08-01 12:32:20,NSE_FO|66846,565.75,35,564.05,105,105,105
2025-08-01 12:32:20,NSE_FO|66846,565.75,35,564.95,70,70,70
2025-08-01 12:32:20,NSE_FO|66846,564.0,35,564.95,70,70,70
2025-08-01 12:32:20,NSE_FO|66846,566.1,35,564.95,70,70,70
2025-08-01 12:32:21,NSE_FO|66846,565.95,35,564.5,35,70,35
2025-08-01 12:32:21,NSE_FO|66846,566.65,35,564.5,35,70,35
2025-08-01 12:32:22,NSE_FO|66846,566.65,35,564.9,105,70,105
2025-08-01 12:32:22,NSE_FO|66846,566.6,35,564.9,105,70,105
2025-08-01 12:32:23,NSE_FO|66846,566.6,35,565.3,70,70,70
2025-08-01 12:32:24,NSE_FO|66846,566.6,35,566.65,35,105,35
2025-08-01 12:32:25,NSE_FO|66846,568.0,35,566.65,35,105,35
2025-08-01 12:32:25,NSE_FO|66846,568.0,35,566.5,105,70,105
2025-08-01 12:32:26,NSE_FO|66846,565.15,35,566.5,105,70,105
2025-08-01 12:32:26,NSE_FO|66846,567.0,105,566.5,105,70,105
2025-08-01 12:32:27,NSE_FO|66846,565.05,35,565.25,70,140,70
2025-08-01 12:32:27,NSE_FO|66846,565.35,35,565.25,70,140,70
2025-08-01 12:32:28,NSE_FO|66846,567.25,35,565.7,70,70,70
2025-08-01 12:32:28,NSE_FO|66846,566.65,35,565.7,70,70,70
2025-08-01 12:32:29,NSE_FO|66846,566.65,35,565.95,70,70,70
2025-08-01 12:32:29,NSE_FO|66846,565.95,35,565.95,70,70,70
2025-08-01 12:32:30,NSE_FO|66846,567.5,35,567.5,35,105,35
2025-08-01 12:32:31,NSE_FO|66846,567.7,35,566.75,105,70,105
2025-08-01 12:32:32,NSE_FO|66846,567.55,35,566.75,105,70,105
2025-08-01 12:32:33,NSE_FO|66846,567.55,35,566.15,70,70,70
2025-08-01 12:32:34,NSE_FO|66846,567.45,35,566.15,70,70,70
2025-08-01 12:32:34,NSE_FO|66846,567.45,35,566.35,70,35,70
2025-08-01 12:32:35,NSE_FO|66846,568.0,35,566.35,70,35,70
2025-08-01 12:32:35,NSE_FO|66846,568.0,35,567.65,35,70,35
2025-08-01 12:32:35,NSE_FO|66846,570.0,35,567.65,35,70,35
2025-08-01 12:32:36,NSE_FO|66846,570.0,35,567.4,70,105,70
2025-08-01 12:32:37,NSE_FO|66846,568.95,35,567.4,70,105,70
2025-08-01 12:32:37,NSE_FO|66846,568.95,35,566.55,105,35,105
2025-08-01 12:32:38,NSE_FO|66846,567.0,35,566.55,105,35,105
2025-08-01 12:32:39,NSE_FO|66846,567.0,35,567.2,70,35,70
2025-08-01 12:32:39,NSE_FO|66846,567.25,35,567.2,70,35,70
2025-08-01 12:32:40,NSE_FO|66846,567.25,35,567.0,70,70,70
2025-08-01 12:32:40,NSE_FO|66846,568.45,35,567.0,70,70,70
2025-08-01 12:32:41,NSE_FO|66846,568.45,35,565.0,105,385,105
2025-08-01 12:32:42,NSE_FO|66846,566.25,35,565.0,105,385,105
2025-08-01 12:32:42,NSE_FO|66846,566.25,35,565.0,70,385,70
2025-08-01 12:32:43,NSE_FO|66846,565.15,35,565.0,70,385,70
2025-08-01 12:32:43,NSE_FO|66846,565.15,35,566.1,105,70,105
2025-08-01 12:32:44,NSE_FO|66846,565.15,35,565.8,70,70,70
2025-08-01 12:32:46,NSE_FO|66846,565.15,35,565.5,35,35,35
2025-08-01 12:32:46,NSE_FO|66846,565.35,35,565.5,35,35,35
2025-08-01 12:32:47,NSE_FO|66846,565.35,35,565.15,35,105,35
2025-08-01 12:32:47,NSE_FO|66846,566.3,35,565.15,35,105,35
2025-08-01 12:32:48,NSE_FO|66846,566.3,35,565.55,105,35,105
2025-08-01 12:32:50,NSE_FO|66846,566.3,35,565.55,105,35,105
2025-08-01 12:32:50,NSE_FO|66846,566.3,35,566.5,175,70,175
2025-08-01 12:32:51,NSE_FO|66846,568.4,35,566.5,175,70,175
2025-08-01 12:32:51,NSE_FO|66846,568.4,35,567.3,35,70,35
2025-08-01 12:32:53,NSE_FO|66846,568.4,35,569.0,35,35,35
2025-08-01 12:32:54,NSE_FO|66846,570.9,70,572.5,35,105,35
2025-08-01 12:32:54,NSE_FO|66846,575.0,35,572.5,35,105,35
2025-08-01 12:32:55,NSE_FO|66846,574.6,35,573.1,70,140,70
2025-08-01 12:32:55,NSE_FO|66846,574.55,35,573.1,70,140,70
2025-08-01 12:32:56,NSE_FO|66846,574.0,35,573.1,70,140,70
2025-08-01 12:32:58,NSE_FO|66846,572.6,35,571.2,70,70,70
2025-08-01 12:32:58,NSE_FO|66846,570.9,35,571.2,70,70,70
2025-08-01 12:32:59,NSE_FO|66846,570.9,35,569.15,210,35,210
2025-08-01 12:32:59,NSE_FO|66846,569.85,35,569.15,210,35,210
2025-08-01 12:33:00,NSE_FO|66846,569.7,35,568.9,70,70,70
2025-08-01 12:33:01,NSE_FO|66846,570.0,35,569.25,35,35,35
2025-08-01 12:33:02,NSE_FO|66846,570.0,35,569.25,35,35,35
2025-08-01 12:33:02,NSE_FO|66846,572.0,35,570.5,70,70,70
2025-08-01 12:33:03,NSE_FO|66846,572.0,35,570.5,70,70,70
2025-08-01 12:33:04,NSE_FO|66846,572.65,35,573.15,35,70,35
2025-08-01 12:33:04,NSE_FO|66846,575.0,35,573.15,35,70,35
2025-08-01 12:33:05,NSE_FO|66846,575.0,35,574.0,595,70,595
2025-08-01 12:33:05,NSE_FO|66846,575.0,35,574.0,595,70,595
2025-08-01 12:33:06,NSE_FO|66846,574.75,35,572.9,35,35,35
2025-08-01 12:33:06,NSE_FO|66846,574.75,35,572.9,35,35,35
2025-08-01 12:33:07,NSE_FO|66846,576.05,35,572.9,35,35,35
2025-08-01 12:33:08,NSE_FO|66846,575.75,35,574.6,70,35,70
2025-08-01 12:33:08,NSE_FO|66846,575.8,35,574.6,70,35,70
2025-08-01 12:33:09,NSE_FO|66846,574.65,35,575.3,175,35,175
2025-08-01 12:33:09,NSE_FO|66846,575.2,35,575.3,175,35,175
2025-08-01 12:33:10,NSE_FO|66846,575.3,35,573.1,35,105,35
2025-08-01 12:33:10,NSE_FO|66846,575.3,35,573.1,35,105,35
2025-08-01 12:33:11,NSE_FO|66846,574.0,35,572.3,35,70,35
2025-08-01 12:33:12,NSE_FO|66846,572.65,35,572.3,35,70,35
2025-08-01 12:33:13,NSE_FO|66846,572.65,35,572.0,210,35,210
2025-08-01 12:33:13,NSE_FO|66846,572.35,35,572.0,210,35,210
2025-08-01 12:33:14,NSE_FO|66846,572.9,35,572.0,210,35,210
2025-08-01 12:33:15,NSE_FO|66846,574.3,35,573.85,70,140,70
2025-08-01 12:33:15,NSE_FO|66846,574.3,35,573.85,70,140,70
2025-08-01 12:33:16,NSE_FO|66846,575.3,35,573.35,105,35,105
2025-08-01 12:33:17,NSE_FO|66846,575.1,35,573.35,105,35,105
2025-08-01 12:33:18,NSE_FO|66846,575.1,35,574.4,70,175,70
2025-08-01 12:33:19,NSE_FO|66846,577.45,70,574.4,70,175,70
2025-08-01 12:33:20,NSE_FO|66846,577.45,70,574.4,70,175,70
2025-08-01 12:33:20,NSE_FO|66846,576.3,35,576.35,175,35,175
2025-08-01 12:33:21,NSE_FO|66846,578.1,35,576.1,105,70,105
2025-08-01 12:33:21,NSE_FO|66846,578.1,35,576.1,105,70,105
2025-08-01 12:33:22,NSE_FO|66846,576.05,315,576.05,105,315,105
2025-08-01 12:33:23,NSE_FO|66846,575.45,35,576.05,105,315,105
2025-08-01 12:33:24,NSE_FO|66846,575.45,35,575.05,210,35,210
2025-08-01 12:33:25,NSE_FO|66846,575.45,35,575.0,210,35,210
2025-08-01 12:33:25,NSE_FO|66846,575.1,210,575.0,210,35,210
2025-08-01 12:33:26,NSE_FO|66846,575.0,35,574.8,140,70,140
2025-08-01 12:33:26,NSE_FO|66846,575.0,35,574.8,140,70,140
2025-08-01 12:33:27,NSE_FO|66846,573.2,35,574.8,140,70,140
2025-08-01 12:33:28,NSE_FO|66846,573.2,35,572.95,140,70,140
2025-08-01 12:33:29,NSE_FO|66846,574.25,35,572.95,140,70,140
2025-08-01 12:33:30,NSE_FO|66846,575.4,35,574.1,105,70,105
2025-08-01 12:33:30,NSE_FO|66846,575.4,35,574.1,105,70,105
2025-08-01 12:33:31,NSE_FO|66846,575.4,35,575.05,175,70,175
2025-08-01 12:33:31,NSE_FO|66846,575.3,35,575.05,175,70,175
2025-08-01 12:33:32,NSE_FO|66846,578.15,35,577.0,70,70,70
2025-08-01 12:33:33,NSE_FO|66846,577.15,35,577.0,70,70,70
2025-08-01 12:33:34,NSE_FO|66846,577.15,35,575.1,105,70,105
2025-08-01 12:33:35,NSE_FO|66846,577.15,35,575.4,70,35,70
2025-08-01 12:33:35,NSE_FO|66846,576.75,35,575.4,70,35,70
2025-08-01 12:33:36,NSE_FO|66846,576.3,35,575.1,70,70,70
2025-08-01 12:33:37,NSE_FO|66846,575.1,70,575.1,70,70,70
2025-08-01 12:33:37,NSE_FO|66846,576.0,35,574.4,105,35,105
2025-08-01 12:33:38,NSE_FO|66846,574.35,35,574.3,35,35,35
2025-08-01 12:33:39,NSE_FO|66846,575.8,35,574.3,35,35,35
2025-08-01 12:33:40,NSE_FO|66846,577.0,35,574.55,35,35,35
2025-08-01 12:33:40,NSE_FO|66846,577.0,35,574.55,35,35,35
2025-08-01 12:33:41,NSE_FO|66846,577.0,35,575.1,105,70,105
2025-08-01 12:33:42,NSE_FO|66846,575.4,35,573.85,35,70,35
2025-08-01 12:33:43,NSE_FO|66846,575.0,35,573.85,35,70,35
2025-08-01 12:33:43,NSE_FO|66846,574.15,35,574.15,70,35,70
2025-08-01 12:33:44,NSE_FO|66846,575.0,35,574.15,70,35,70
2025-08-01 12:33:44,NSE_FO|66846,575.0,35,573.25,70,70,70
2025-08-01 12:33:46,NSE_FO|66846,575.0,35,573.75,105,35,105
2025-08-01 12:33:46,NSE_FO|66846,575.05,35,573.75,105,35,105
2025-08-01 12:33:46,NSE_FO|66846,573.45,35,573.75,105,35,105
2025-08-01 12:33:47,NSE_FO|66846,573.45,35,573.6,70,70,70
2025-08-01 12:33:47,NSE_FO|66846,574.9,35,573.6,70,70,70
2025-08-01 12:33:48,NSE_FO|66846,574.7,35,573.6,70,70,70
2025-08-01 12:33:49,NSE_FO|66846,575.25,35,573.9,70,70,70
2025-08-01 12:33:50,NSE_FO|66846,575.25,35,573.9,70,70,70
2025-08-01 12:33:50,NSE_FO|66846,575.25,35,574.0,70,35,70
2025-08-01 12:33:51,NSE_FO|66846,574.45,35,574.0,70,35,70
2025-08-01 12:33:52,NSE_FO|66846,574.45,35,574.9,35,70,35
2025-08-01 12:33:52,NSE_FO|66846,575.95,35,574.9,35,70,35
2025-08-01 12:33:53,NSE_FO|66846,575.95,35,574.95,35,35,35
2025-08-01 12:33:53,NSE_FO|66846,577.15,35,574.95,35,35,35
2025-08-01 12:33:54,NSE_FO|66846,577.15,35,574.95,175,35,175
2025-08-01 12:33:55,NSE_FO|66846,575.7,70,574.95,175,35,175
2025-08-01 12:33:55,NSE_FO|66846,578.0,35,574.95,175,35,175
2025-08-01 12:33:56,NSE_FO|66846,578.0,35,577.75,70,35,70
2025-08-01 12:33:56,NSE_FO|66846,577.65,35,577.75,70,35,70
2025-08-01 12:33:58,NSE_FO|66846,577.65,35,577.65,35,70,35
2025-08-01 12:33:59,NSE_FO|66846,579.0,35,577.65,35,70,35
2025-08-01 12:33:59,NSE_FO|66846,578.45,35,577.15,70,70,70
2025-08-01 12:33:59,NSE_FO|66846,578.45,35,577.15,70,70,70
2025-08-01 12:34:00,NSE_FO|66846,578.45,35,578.2,70,70,70
2025-08-01 12:34:01,NSE_FO|66846,579.95,35,578.2,70,70,70
2025-08-01 12:34:02,NSE_FO|66846,580.0,35,581.1,35,70,35
2025-08-01 12:34:03,NSE_FO|66846,580.0,35,581.55,175,70,175
2025-08-01 12:34:03,NSE_FO|66846,583.0,70,581.55,175,70,175
2025-08-01 12:34:04,NSE_FO|66846,584.15,105,582.75,210,35,210
2025-08-01 12:34:05,NSE_FO|66846,582.8,35,582.75,210,35,210
2025-08-01 12:34:05,NSE_FO|66846,582.8,35,582.4,105,70,105
2025-08-01 12:34:05,NSE_FO|66846,581.65,35,582.4,105,70,105
2025-08-01 12:34:06,NSE_FO|66846,581.5,35,581.3,70,70,70
2025-08-01 12:34:07,NSE_FO|66846,582.5,35,581.3,70,70,70
2025-08-01 12:34:08,NSE_FO|66846,582.5,35,583.95,140,175,140
2025-08-01 12:34:09,NSE_FO|66846,582.5,35,583.9,140,35,140
2025-08-01 12:34:10,NSE_FO|66846,588.75,35,583.9,140,35,140
2025-08-01 12:34:10,NSE_FO|66846,588.75,35,585.2,70,70,70
2025-08-01 12:34:10,NSE_FO|66846,585.4,35,585.2,70,70,70
2025-08-01 12:34:11,NSE_FO|66846,585.4,35,586.15,70,175,70
2025-08-01 12:34:11,NSE_FO|66846,587.95,35,586.15,70,175,70
2025-08-01 12:34:13,NSE_FO|66846,586.0,35,584.4,70,70,70
2025-08-01 12:34:13,NSE_FO|66846,585.45,35,584.4,70,70,70
2025-08-01 12:34:14,NSE_FO|66846,585.45,35,584.05,70,105,70
2025-08-01 12:34:14,NSE_FO|66846,585.95,35,584.05,70,105,70
2025-08-01 12:34:15,NSE_FO|66846,585.25,35,584.05,70,105,70
2025-08-01 12:34:16,NSE_FO|66846,585.25,35,585.5,70,70,70
2025-08-01 12:34:17,NSE_FO|66846,586.7,35,585.5,70,70,70
2025-08-01 12:34:17,NSE_FO|66846,586.7,35,586.6,35,70,35
2025-08-01 12:34:19,NSE_FO|66846,586.7,35,587.2,35,35,35
2025-08-01 12:34:19,NSE_FO|66846,587.5,35,587.2,35,35,35
2025-08-01 12:34:19,NSE_FO|66846,587.5,35,587.2,35,35,35
2025-08-01 12:34:20,NSE_FO|66846,587.5,35,586.0,70,70,70
2025-08-01 12:34:21,NSE_FO|66846,588.4,35,587.2,70,70,70
2025-08-01 12:34:21,NSE_FO|66846,590.0,35,587.2,70,70,70
2025-08-01 12:34:22,NSE_FO|66846,587.55,35,587.85,70,105,70
2025-08-01 12:34:24,NSE_FO|66846,587.55,35,587.5,70,70,70
2025-08-01 12:34:25,NSE_FO|66846,586.7,35,587.5,70,70,70
2025-08-01 12:34:25,NSE_FO|66846,586.7,35,586.8,210,70,210
2025-08-01 12:34:25,NSE_FO|66846,586.7,35,586.8,210,70,210
2025-08-01 12:34:26,NSE_FO|66846,586.7,35,586.0,140,70,140
2025-08-01 12:34:26,NSE_FO|66846,587.6,35,586.0,140,70,140
2025-08-01 12:34:27,NSE_FO|66846,587.6,35,586.0,70,35,70
2025-08-01 12:34:28,NSE_FO|66846,587.6,35,586.2,70,35,70
2025-08-01 12:34:29,NSE_FO|66846,585.95,315,586.2,70,35,70
2025-08-01 12:34:30,NSE_FO|66846,585.95,315,586.1,70,105,70
2025-08-01 12:34:30,NSE_FO|66846,587.55,35,586.1,70,105,70
2025-08-01 12:34:30,NSE_FO|66846,586.8,70,586.1,70,105,70
2025-08-01 12:34:31,NSE_FO|66846,586.8,70,587.05,70,35,70
2025-08-01 12:34:32,NSE_FO|66846,588.7,35,586.85,70,70,70
2025-08-01 12:34:33,NSE_FO|66846,587.25,35,586.85,70,70,70
2025-08-01 12:34:33,NSE_FO|66846,587.25,35,587.15,70,70,70
2025-08-01 12:34:33,NSE_FO|66846,587.25,35,587.15,70,70,70
2025-08-01 12:34:34,NSE_FO|66846,589.9,35,589.2,35,105,35
2025-08-01 12:34:36,NSE_FO|66846,589.75,35,588.65,385,70,385
2025-08-01 12:34:37,NSE_FO|66846,587.75,35,588.65,385,70,385
2025-08-01 12:34:37,NSE_FO|66846,587.75,35,588.05,70,70,70
2025-08-01 12:34:37,NSE_FO|66846,588.0,35,588.05,70,70,70
2025-08-01 12:34:38,NSE_FO|66846,589.0,35,588.05,70,70,70
2025-08-01 12:34:38,NSE_FO|66846,589.0,35,588.05,70,70,70
2025-08-01 12:34:39,NSE_FO|66846,590.0,35,589.15,350,70,350
2025-08-01 12:34:39,NSE_FO|66846,590.0,35,589.15,350,70,350
2025-08-01 12:34:40,NSE_FO|66846,588.95,70,588.45,70,140,70
2025-08-01 12:34:41,NSE_FO|66846,589.15,105,588.45,70,140,70
2025-08-01 12:34:42,NSE_FO|66846,589.15,105,589.25,245,35,245
2025-08-01 12:34:42,NSE_FO|66846,590.15,35,589.25,245,35,245
2025-08-01 12:34:43,NSE_FO|66846,590.25,35,589.75,70,35,70
2025-08-01 12:34:43,NSE_FO|66846,589.75,35,589.75,70,35,70
2025-08-01 12:34:44,NSE_FO|66846,587.55,35,589.75,70,35,70
2025-08-01 12:34:45,NSE_FO|66846,587.45,35,587.25,70,70,70
2025-08-01 12:34:45,NSE_FO|66846,587.45,35,587.25,70,70,70
2025-08-01 12:34:46,NSE_FO|66846,587.0,35,587.7,70,70,70
2025-08-01 12:34:48,NSE_FO|66846,590.8,35,589.35,70,70,70
2025-08-01 12:34:48,NSE_FO|66846,590.0,35,589.35,70,70,70
2025-08-01 12:34:49,NSE_FO|66846,590.05,35,590.0,35,1995,35
2025-08-01 12:34:49,NSE_FO|66846,590.0,245,590.0,35,1995,35
2025-08-01 12:34:50,NSE_FO|66846,590.0,245,590.0,35,1995,35
2025-08-01 12:34:50,NSE_FO|66846,590.1,35,588.85,70,70,70
2025-08-01 12:34:50,NSE_FO|66846,590.15,35,588.85,70,70,70
2025-08-01 12:34:51,NSE_FO|66846,591.0,105,590.35,35,105,35
2025-08-01 12:34:51,NSE_FO|66846,591.0,105,590.35,35,105,35
2025-08-01 12:34:52,NSE_FO|66846,592.2,35,590.45,70,70,70
2025-08-01 12:34:53,NSE_FO|66846,593.0,35,590.45,70,70,70
2025-08-01 12:34:54,NSE_FO|66846,594.15,35,593.65,1995,35,1995
2025-08-01 12:34:54,NSE_FO|66846,595.0,35,593.65,1995,35,1995
2025-08-01 12:34:55,NSE_FO|66846,593.75,35,594.1,1855,35,1855
2025-08-01 12:34:55,NSE_FO|66846,595.0,35,594.1,1855,35,1855
2025-08-01 12:34:56,NSE_FO|66846,596.0,35,595.55,70,35,70
2025-08-01 12:34:56,NSE_FO|66846,596.0,35,595.55,70,35,70
2025-08-01 12:34:57,NSE_FO|66846,596.45,35,596.65,70,105,70
2025-08-01 12:34:58,NSE_FO|66846,598.5,35,596.65,70,105,70
2025-08-01 12:34:59,NSE_FO|66846,598.8,35,597.55,70,70,70
2025-08-01 12:34:59,NSE_FO|66846,599.2,35,597.55,70,70,70
2025-08-01 12:35:00,NSE_FO|66846,598.2,35,597.05,35,35,35
2025-08-01 12:35:00,NSE_FO|66846,599.5,35,597.05,35,35,35
2025-08-01 12:35:01,NSE_FO|66846,600.0,70,599.25,1435,70,1435
2025-08-01 12:35:01,NSE_FO|66846,600.0,70,599.25,1435,70,1435
2025-08-01 12:35:02,NSE_FO|66846,599.6,70,599.25,1435,70,1435
2025-08-01 12:35:02,NSE_FO|66846,599.6,70,600.05,35,35,35
2025-08-01 12:35:04,NSE_FO|66846,598.35,35,598.15,35,70,35
2025-08-01 12:35:04,NSE_FO|66846,599.25,35,598.15,35,70,35
2025-08-01 12:35:05,NSE_FO|66846,599.8,35,598.85,70,70,70
2025-08-01 12:35:05,NSE_FO|66846,600.0,70,598.85,70,70,70
2025-08-01 12:35:06,NSE_FO|66846,600.05,70,597.95,105,140,105
2025-08-01 12:35:06,NSE_FO|66846,598.35,35,597.95,105,140,105
2025-08-01 12:35:07,NSE_FO|66846,595.75,35,595.35,35,35,35
2025-08-01 12:35:07,NSE_FO|66846,595.75,35,595.35,35,35,35
2025-08-01 12:35:08,NSE_FO|66846,596.25,35,595.35,35,35,35
2025-08-01 12:35:08,NSE_FO|66846,596.25,35,595.25,105,35,105
2025-08-01 12:35:09,NSE_FO|66846,597.75,35,595.25,105,35,105
2025-08-01 12:35:10,NSE_FO|66846,598.0,105,596.25,70,35,70
2025-08-01 12:35:10,NSE_FO|66846,596.6,35,596.25,70,35,70
2025-08-01 12:35:11,NSE_FO|66846,599.55,35,596.25,70,35,70
2025-08-01 12:35:12,NSE_FO|66846,600.95,35,599.5,70,70,70
2025-08-01 12:35:12,NSE_FO|66846,600.95,35,599.5,70,70,70
2025-08-01 12:35:13,NSE_FO|66846,601.25,35,600.65,1120,70,1120
2025-08-01 12:35:14,NSE_FO|66846,602.0,35,600.65,1120,70,1120
2025-08-01 12:35:15,NSE_FO|66846,602.0,35,601.15,140,70,140
2025-08-01 12:35:15,NSE_FO|66846,602.0,35,601.15,140,70,140
2025-08-01 12:35:16,NSE_FO|66846,602.0,35,601.15,140,70,140
2025-08-01 12:35:17,NSE_FO|66846,601.5,35,600.0,70,35,70
2025-08-01 12:35:17,NSE_FO|66846,601.0,35,600.0,70,35,70
2025-08-01 12:35:18,NSE_FO|66846,601.0,35,600.3,105,35,105
2025-08-01 12:35:19,NSE_FO|66846,601.0,35,600.3,105,35,105
2025-08-01 12:35:20,NSE_FO|66846,600.9,35,599.55,70,105,70
2025-08-01 12:35:20,NSE_FO|66846,600.75,35,599.55,70,105,70
2025-08-01 12:35:21,NSE_FO|66846,600.75,35,599.0,140,70,140
2025-08-01 12:35:21,NSE_FO|66846,597.95,35,599.0,140,70,140
2025-08-01 12:35:22,NSE_FO|66846,599.55,35,598.0,105,35,105
2025-08-01 12:35:22,NSE_FO|66846,598.4,35,598.0,105,35,105
2025-08-01 12:35:23,NSE_FO|66846,599.3,35,597.75,175,140,175
2025-08-01 12:35:23,NSE_FO|66846,599.4,35,597.75,175,140,175
2025-08-01 12:35:24,NSE_FO|66846,599.6,105,597.75,175,140,175
2025-08-01 12:35:25,NSE_FO|66846,598.35,35,597.0,105,35,105
2025-08-01 12:35:25,NSE_FO|66846,598.85,35,597.0,105,35,105
2025-08-01 12:35:26,NSE_FO|66846,598.4,35,597.0,105,35,105
2025-08-01 12:35:27,NSE_FO|66846,597.7,35,597.7,70,140,70
2025-08-01 12:35:27,NSE_FO|66846,599.55,35,597.7,70,140,70
2025-08-01 12:35:28,NSE_FO|66846,598.5,35,598.85,70,70,70
2025-08-01 12:35:28,NSE_FO|66846,598.4,105,598.85,70,70,70
2025-08-01 12:35:29,NSE_FO|66846,604.3,35,598.85,70,70,70
2025-08-01 12:35:29,NSE_FO|66846,604.3,35,601.65,35,105,35
2025-08-01 12:35:30,NSE_FO|66846,604.35,35,601.65,35,105,35
2025-08-01 12:35:31,NSE_FO|66846,604.35,35,603.1,70,70,70
2025-08-01 12:35:31,NSE_FO|66846,603.4,35,603.1,70,70,70
2025-08-01 12:35:32,NSE_FO|66846,602.5,35,603.1,70,70,70
2025-08-01 12:35:33,NSE_FO|66846,603.2,35,601.8,70,105,70
2025-08-01 12:35:34,NSE_FO|66846,602.3,35,602.45,35,70,35
2025-08-01 12:35:36,NSE_FO|66846,604.0,35,604.2,910,105,910
2025-08-01 12:35:37,NSE_FO|66846,604.3,35,604.3,910,105,910
2025-08-01 12:35:38,NSE_FO|66846,605.0,35,604.4,420,210,420
2025-08-01 12:35:39,NSE_FO|66846,605.0,35,604.4,420,210,420
2025-08-01 12:35:40,NSE_FO|66846,603.65,35,604.4,420,210,420
2025-08-01 12:35:41,NSE_FO|66846,603.65,35,602.15,315,35,315
2025-08-01 12:35:41,NSE_FO|66846,602.8,35,602.15,315,35,315
2025-08-01 12:35:42,NSE_FO|66846,602.65,35,602.0,70,35,70
2025-08-01 12:35:42,NSE_FO|66846,602.9,35,602.0,70,35,70
2025-08-01 12:35:43,NSE_FO|66846,602.7,35,601.3,70,105,70
2025-08-01 12:35:43,NSE_FO|66846,602.7,35,601.3,70,105,70
2025-08-01 12:35:44,NSE_FO|66846,599.4,35,598.4,35,455,35
2025-08-01 12:35:45,NSE_FO|66846,598.85,35,598.4,35,455,35
2025-08-01 12:35:46,NSE_FO|66846,600.25,35,598.7,140,70,140
2025-08-01 12:35:46,NSE_FO|66846,600.45,35,598.7,140,70,140
2025-08-01 12:35:47,NSE_FO|66846,600.7,35,598.7,140,70,140
2025-08-01 12:35:48,NSE_FO|66846,600.5,35,598.7,140,70,140
2025-08-01 12:35:49,NSE_FO|66846,599.25,35,598.4,105,420,105
2025-08-01 12:35:49,NSE_FO|66846,598.4,35,598.4,105,420,105
2025-08-01 12:35:50,NSE_FO|66846,598.4,35,598.4,105,420,105
2025-08-01 12:35:50,NSE_FO|66846,598.4,70,598.4,105,420,105
2025-08-01 12:35:50,NSE_FO|66846,598.4,70,597.1,175,70,175
2025-08-01 12:35:52,NSE_FO|66846,596.7,35,596.65,70,105,70
2025-08-01 12:35:53,NSE_FO|66846,596.25,70,596.25,105,35,105
2025-08-01 12:35:53,NSE_FO|66846,596.25,70,596.25,105,35,105
2025-08-01 12:35:54,NSE_FO|66846,599.15,35,596.95,70,105,70
2025-08-01 12:35:54,NSE_FO|66846,599.15,35,596.95,70,105,70
2025-08-01 12:35:56,NSE_FO|66846,597.0,35,596.95,70,105,70
2025-08-01 12:35:56,NSE_FO|66846,593.8,35,596.95,70,105,70
2025-08-01 12:35:57,NSE_FO|66846,594.9,35,593.0,140,70,140
2025-08-01 12:35:57,NSE_FO|66846,595.55,35,593.0,140,70,140
2025-08-01 12:35:58,NSE_FO|66846,593.6,35,593.75,280,140,280
2025-08-01 12:35:58,NSE_FO|66846,593.6,35,593.75,280,140,280
2025-08-01 12:35:59,NSE_FO|66846,594.85,35,594.45,105,70,105
2025-08-01 12:35:59,NSE_FO|66846,595.9,35,594.45,105,70,105
2025-08-01 12:36:02,NSE_FO|66846,595.9,35,595.7,140,70,140
2025-08-01 12:36:02,NSE_FO|66846,595.7,35,595.7,140,70,140
2025-08-01 12:36:02,NSE_FO|66846,595.4,35,595.7,140,70,140
2025-08-01 12:36:03,NSE_FO|66846,595.45,35,593.85,105,105,105
2025-08-01 12:36:03,NSE_FO|66846,595.3,35,593.85,105,105,105
2025-08-01 12:36:04,NSE_FO|66846,596.4,35,595.0,70,35,70
2025-08-01 12:36:04,NSE_FO|66846,595.0,35,595.0,70,35,70
2025-08-01 12:36:05,NSE_FO|66846,595.55,35,594.0,175,105,175
2025-08-01 12:36:05,NSE_FO|66846,595.55,35,594.0,175,105,175
2025-08-01 12:36:06,NSE_FO|66846,595.5,35,594.0,175,105,175
2025-08-01 12:36:07,NSE_FO|66846,595.5,35,595.5,420,210,420
2025-08-01 12:36:07,NSE_FO|66846,597.25,35,595.5,420,210,420
2025-08-01 12:36:08,NSE_FO|66846,598.0,35,597.2,105,105,105
2025-08-01 12:36:08,NSE_FO|66846,599.0,105,597.2,105,105,105
2025-08-01 12:36:09,NSE_FO|66846,599.0,70,599.05,70,35,70
2025-08-01 12:36:10,NSE_FO|66846,599.0,105,596.95,70,70,70
2025-08-01 12:36:10,NSE_FO|66846,599.0,105,596.95,70,70,70
2025-08-01 12:36:11,NSE_FO|66846,598.6,35,597.0,70,70,70
2025-08-01 12:36:13,NSE_FO|66846,598.6,35,596.4,105,70,105
2025-08-01 12:36:13,NSE_FO|66846,596.25,35,596.4,105,70,105
2025-08-01 12:36:13,NSE_FO|66846,595.7,35,596.4,105,70,105
2025-08-01 12:36:14,NSE_FO|66846,596.95,35,595.0,105,35,105
2025-08-01 12:36:14,NSE_FO|66846,596.35,35,595.0,105,35,105
2025-08-01 12:36:16,NSE_FO|66846,597.95,35,595.0,105,35,105
2025-08-01 12:36:17,NSE_FO|66846,597.95,35,596.0,70,210,70
2025-08-01 12:36:17,NSE_FO|66846,597.55,35,596.0,70,210,70
2025-08-01 12:36:18,NSE_FO|66846,597.55,35,596.75,105,70,105
2025-08-01 12:36:18,NSE_FO|66846,598.6,35,596.75,105,70,105
2025-08-01 12:36:19,NSE_FO|66846,598.6,35,597.45,70,70,70
2025-08-01 12:36:20,NSE_FO|66846,598.6,35,596.35,105,35,105
2025-08-01 12:36:22,NSE_FO|66846,598.6,35,596.05,35,70,35
2025-08-01 12:36:22,NSE_FO|66846,596.05,35,596.05,35,70,35
2025-08-01 12:36:23,NSE_FO|66846,596.05,35,596.25,175,70,175
2025-08-01 12:36:23,NSE_FO|66846,598.45,35,596.25,175,70,175
2025-08-01 12:36:24,NSE_FO|66846,598.45,35,596.6,140,35,140
2025-08-01 12:36:25,NSE_FO|66846,595.45,105,596.6,140,35,140
2025-08-01 12:36:25,NSE_FO|66846,595.45,105,595.55,70,70,70
2025-08-01 12:36:26,NSE_FO|66846,595.45,105,595.75,140,35,140
2025-08-01 12:36:27,NSE_FO|66846,598.25,35,595.75,140,35,140
2025-08-01 12:36:28,NSE_FO|66846,598.25,35,596.1,70,35,70
2025-08-01 12:36:29,NSE_FO|66846,596.85,35,596.8,70,70,70
2025-08-01 12:36:29,NSE_FO|66846,597.25,35,596.8,70,70,70
2025-08-01 12:36:30,NSE_FO|66846,597.25,35,596.4,210,70,210
2025-08-01 12:36:30,NSE_FO|66846,598.35,35,596.4,210,70,210
2025-08-01 12:36:31,NSE_FO|66846,597.05,35,596.9,35,105,35
2025-08-01 12:36:31,NSE_FO|66846,597.05,35,596.9,35,105,35
2025-08-01 12:36:32,NSE_FO|66846,597.4,35,597.3,70,70,70
2025-08-01 12:36:32,NSE_FO|66846,597.4,35,597.3,70,70,70
2025-08-01 12:36:33,NSE_FO|66846,598.75,35,597.3,70,70,70
2025-08-01 12:36:34,NSE_FO|66846,598.75,35,598.15,35,105,35
2025-08-01 12:36:35,NSE_FO|66846,598.2,35,596.6,35,105,35
2025-08-01 12:36:35,NSE_FO|66846,598.2,35,596.6,35,105,35
2025-08-01 12:36:36,NSE_FO|66846,598.1,35,596.6,35,105,35
2025-08-01 12:36:36,NSE_FO|66846,596.3,35,596.0,35,105,35
2025-08-01 12:36:36,NSE_FO|66846,596.3,35,596.0,35,105,35
2025-08-01 12:36:37,NSE_FO|66846,597.5,35,598.0,70,70,70
2025-08-01 12:36:37,NSE_FO|66846,597.5,35,598.0,70,70,70
2025-08-01 12:36:38,NSE_FO|66846,600.6,35,600.35,140,70,140
2025-08-01 12:36:40,NSE_FO|66846,599.05,35,598.9,140,70,140
2025-08-01 12:36:40,NSE_FO|66846,602.0,70,598.9,140,70,140
2025-08-01 12:36:41,NSE_FO|66846,603.0,35,598.9,140,70,140
2025-08-01 12:36:42,NSE_FO|66846,602.0,35,600.7,70,70,70
2025-08-01 12:36:43,NSE_FO|66846,602.55,35,600.7,70,70,70
2025-08-01 12:36:45,NSE_FO|66846,602.9,35,600.7,70,70,70
2025-08-01 12:36:45,NSE_FO|66846,602.9,35,601.15,70,70,70
2025-08-01 12:36:45,NSE_FO|66846,600.3,35,601.15,70,70,70
2025-08-01 12:36:46,NSE_FO|66846,601.15,35,600.6,140,70,140
2025-08-01 12:36:46,NSE_FO|66846,601.15,35,600.6,140,70,140
2025-08-01 12:36:47,NSE_FO|66846,601.35,35,600.55,210,175,210
2025-08-01 12:36:47,NSE_FO|66846,601.35,35,600.55,210,175,210
2025-08-01 12:36:48,NSE_FO|66846,601.1,35,600.55,210,175,210
2025-08-01 12:36:49,NSE_FO|66846,601.1,35,600.0,70,105,70
2025-08-01 12:36:50,NSE_FO|66846,601.1,35,600.0,70,105,70
2025-08-01 12:36:51,NSE_FO|66846,601.1,35,600.0,70,105,70
2025-08-01 12:36:51,NSE_FO|66846,600.0,105,600.0,70,105,70
2025-08-01 12:36:52,NSE_FO|66846,599.45,35,600.0,70,105,70
2025-08-01 12:36:52,NSE_FO|66846,600.0,35,598.05,35,70,35
2025-08-01 12:36:52,NSE_FO|66846,598.0,70,598.05,35,70,35
2025-08-01 12:36:53,NSE_FO|66846,599.7,35,597.85,70,70,70
2025-08-01 12:36:53,NSE_FO|66846,599.7,35,597.85,70,70,70
2025-08-01 12:36:55,NSE_FO|66846,597.75,35,597.85,70,70,70
2025-08-01 12:36:55,NSE_FO|66846,597.75,35,597.4,140,175,140
2025-08-01 12:36:55,NSE_FO|66846,596.25,35,597.4,140,175,140
2025-08-01 12:36:56,NSE_FO|66846,600.0,35,597.2,105,35,105
2025-08-01 12:36:56,NSE_FO|66846,600.0,35,597.2,105,35,105
2025-08-01 12:36:57,NSE_FO|66846,596.9,35,597.2,105,35,105
2025-08-01 12:36:58,NSE_FO|66846,596.0,70,595.0,140,1540,140
2025-08-01 12:37:00,NSE_FO|66846,596.0,70,595.8,35,70,35
2025-08-01 12:37:00,NSE_FO|66846,597.4,35,595.8,35,70,35
2025-08-01 12:37:01,NSE_FO|66846,597.95,35,596.55,70,70,70
2025-08-01 12:37:02,NSE_FO|66846,597.95,35,595.55,35,105,35
2025-08-01 12:37:02,NSE_FO|66846,595.0,315,595.55,35,105,35
2025-08-01 12:37:03,NSE_FO|66846,595.9,35,595.55,35,105,35
2025-08-01 12:37:04,NSE_FO|66846,595.0,35,595.55,35,105,35
2025-08-01 12:37:05,NSE_FO|66846,595.0,35,594.4,35,105,35
2025-08-01 12:37:05,NSE_FO|66846,594.5,35,594.4,35,105,35
2025-08-01 12:37:06,NSE_FO|66846,594.5,35,595.0,105,70,105
2025-08-01 12:37:06,NSE_FO|66846,594.5,35,595.0,105,70,105
2025-08-01 12:37:07,NSE_FO|66846,594.4,35,594.35,35,105,35
2025-08-01 12:37:08,NSE_FO|66846,596.4,35,594.05,35,105,35
2025-08-01 12:37:09,NSE_FO|66846,596.4,35,594.05,35,105,35
2025-08-01 12:37:10,NSE_FO|66846,595.65,70,594.3,35,105,35
2025-08-01 12:37:11,NSE_FO|66846,595.4,35,594.3,35,105,35
2025-08-01 12:37:11,NSE_FO|66846,595.65,35,594.3,35,105,35
2025-08-01 12:37:12,NSE_FO|66846,594.4,35,593.6,70,70,70
2025-08-01 12:37:12,NSE_FO|66846,592.5,35,593.6,70,70,70
2025-08-01 12:37:13,NSE_FO|66846,593.75,35,592.45,70,35,70
2025-08-01 12:37:14,NSE_FO|66846,591.95,35,592.45,70,35,70
2025-08-01 12:37:15,NSE_FO|66846,591.95,35,592.65,70,105,70
2025-08-01 12:37:15,NSE_FO|66846,592.25,35,592.65,70,105,70
2025-08-01 12:37:16,NSE_FO|66846,592.25,35,591.25,140,105,140
2025-08-01 12:37:16,NSE_FO|66846,591.7,35,591.25,140,105,140
2025-08-01 12:37:17,NSE_FO|66846,591.45,35,591.1,70,35,70
2025-08-01 12:37:17,NSE_FO|66846,591.45,35,591.1,70,35,70
2025-08-01 12:37:18,NSE_FO|66846,591.25,35,591.45,70,70,70
2025-08-01 12:37:19,NSE_FO|66846,591.25,35,591.45,70,70,70
2025-08-01 12:37:20,NSE_FO|66846,591.1,35,590.8,70,70,70
2025-08-01 12:37:21,NSE_FO|66846,590.05,35,590.3,70,70,70
2025-08-01 12:37:21,NSE_FO|66846,591.1,35,590.3,70,70,70
2025-08-01 12:37:22,NSE_FO|66846,590.0,35,590.0,70,35,70
2025-08-01 12:37:23,NSE_FO|66846,588.75,35,589.35,35,70,35
2025-08-01 12:37:24,NSE_FO|66846,588.15,35,589.35,35,70,35
2025-08-01 12:37:25,NSE_FO|66846,587.3,35,589.35,35,70,35
2025-08-01 12:37:26,NSE_FO|66846,587.3,35,586.9,105,105,105
2025-08-01 12:37:26,NSE_FO|66846,586.05,35,586.9,105,105,105
2025-08-01 12:37:27,NSE_FO|66846,586.05,35,586.45,105,70,105
2025-08-01 12:37:28,NSE_FO|66846,585.9,35,586.45,105,70,105
2025-08-01 12:37:28,NSE_FO|66846,585.9,35,585.4,105,35,105
2025-08-01 12:37:29,NSE_FO|66846,585.0,35,585.4,105,35,105
2025-08-01 12:37:29,NSE_FO|66846,586.45,35,585.35,105,70,105
2025-08-01 12:37:31,NSE_FO|66846,584.1,35,585.35,105,70,105
2025-08-01 12:37:31,NSE_FO|66846,584.0,35,584.65,70,35,70
2025-08-01 12:37:31,NSE_FO|66846,586.25,35,584.65,70,35,70
2025-08-01 12:37:32,NSE_FO|66846,584.8,35,584.65,70,35,70
2025-08-01 12:37:33,NSE_FO|66846,585.2,35,585.2,70,70,70
2025-08-01 12:37:35,NSE_FO|66846,589.7,35,585.2,70,70,70
2025-08-01 12:37:36,NSE_FO|66846,589.7,35,588.05,70,70,70
2025-08-01 12:37:37,NSE_FO|66846,587.9,35,588.3,70,70,70
2025-08-01 12:37:37,NSE_FO|66846,587.9,35,588.3,70,70,70
2025-08-01 12:37:38,NSE_FO|66846,587.9,35,588.6,70,70,70
2025-08-01 12:37:38,NSE_FO|66846,590.0,35,588.6,70,70,70
2025-08-01 12:37:39,NSE_FO|66846,590.0,35,588.15,35,70,35
2025-08-01 12:37:41,NSE_FO|66846,590.0,35,589.4,35,70,35
2025-08-01 12:37:41,NSE_FO|66846,590.0,35,589.4,35,70,35
2025-08-01 12:37:41,NSE_FO|66846,589.35,35,589.4,35,70,35
2025-08-01 12:37:42,NSE_FO|66846,589.35,35,587.65,35,70,35
2025-08-01 12:37:43,NSE_FO|66846,588.75,35,587.65,35,70,35
2025-08-01 12:37:43,NSE_FO|66846,588.75,35,587.9,35,105,35
2025-08-01 12:37:43,NSE_FO|66846,588.75,35,587.9,35,105,35
2025-08-01 12:37:45,NSE_FO|66846,587.65,70,587.9,35,105,35
2025-08-01 12:37:46,NSE_FO|66846,586.7,35,587.9,35,105,35
2025-08-01 12:37:46,NSE_FO|66846,586.7,35,586.6,35,105,35
2025-08-01 12:37:47,NSE_FO|66846,586.7,35,587.8,35,105,35
2025-08-01 12:37:48,NSE_FO|66846,586.7,35,586.95,35,105,35
2025-08-01 12:37:49,NSE_FO|66846,588.25,35,586.95,35,105,35
2025-08-01 12:37:49,NSE_FO|66846,587.9,35,586.75,70,70,70
2025-08-01 12:37:49,NSE_FO|66846,587.9,35,586.75,70,70,70
2025-08-01 12:37:50,NSE_FO|66846,587.9,35,586.75,70,70,70
2025-08-01 12:37:50,NSE_FO|66846,587.9,35,587.9,35,70,35
2025-08-01 12:37:52,NSE_FO|66846,587.9,35,588.15,35,70,35
2025-08-01 12:37:53,NSE_FO|66846,589.1,35,589.05,35,70,35
2025-08-01 12:37:53,NSE_FO|66846,589.1,35,589.05,35,70,35
2025-08-01 12:37:54,NSE_FO|66846,589.1,35,590.2,35,70,35
2025-08-01 12:37:55,NSE_FO|66846,590.55,35,590.2,35,70,35
2025-08-01 12:37:55,NSE_FO|66846,590.55,35,590.55,35,140,35
2025-08-01 12:37:56,NSE_FO|66846,590.6,35,590.55,35,140,35
2025-08-01 12:37:56,NSE_FO|66846,591.95,35,590.55,35,140,35
2025-08-01 12:37:57,NSE_FO|66846,591.95,35,590.4,105,35,105
2025-08-01 12:37:58,NSE_FO|66846,590.8,70,589.15,140,105,140
2025-08-01 12:37:59,NSE_FO|66846,590.8,70,590.05,35,70,35
2025-08-01 12:38:00,NSE_FO|66846,590.8,70,590.65,35,70,35
2025-08-01 12:38:01,NSE_FO|66846,592.0,35,590.65,35,70,35
2025-08-01 12:38:01,NSE_FO|66846,593.15,70,590.65,35,70,35
2025-08-01 12:38:02,NSE_FO|66846,593.5,35,593.3,70,35,70
2025-08-01 12:38:02,NSE_FO|66846,593.5,35,593.3,70,35,70
2025-08-01 12:38:03,NSE_FO|66846,593.5,35,592.9,70,70,70
2025-08-01 12:38:04,NSE_FO|66846,593.5,35,592.8,35,105,35
2025-08-01 12:38:05,NSE_FO|66846,592.0,35,591.95,175,245,175
2025-08-01 12:38:07,NSE_FO|66846,592.0,35,591.95,105,280,105
2025-08-01 12:38:07,NSE_FO|66846,592.0,35,591.95,105,280,105
2025-08-01 12:38:09,NSE_FO|66846,591.8,35,591.95,105,280,105
2025-08-01 12:38:09,NSE_FO|66846,591.7,35,590.55,70,105,70
2025-08-01 12:38:10,NSE_FO|66846,591.95,70,590.55,70,105,70
2025-08-01 12:38:10,NSE_FO|66846,592.6,35,591.45,140,70,140
2025-08-01 12:38:11,NSE_FO|66846,592.6,35,590.8,35,70,35
2025-08-01 12:38:13,NSE_FO|66846,592.6,35,591.3,35,70,35
2025-08-01 12:38:14,NSE_FO|66846,592.6,35,590.0,70,70,70
2025-08-01 12:38:14,NSE_FO|66846,590.0,35,590.0,70,70,70
2025-08-01 12:38:15,NSE_FO|66846,590.0,35,589.65,70,70,70
2025-08-01 12:38:16,NSE_FO|66846,590.45,35,589.65,70,70,70
2025-08-01 12:38:17,NSE_FO|66846,590.45,35,589.4,140,70,140
2025-08-01 12:38:18,NSE_FO|66846,591.0,70,589.4,140,70,140
2025-08-01 12:38:19,NSE_FO|66846,591.0,70,588.25,35,70,35
2025-08-01 12:38:19,NSE_FO|66846,589.95,35,588.25,35,70,35
2025-08-01 12:38:19,NSE_FO|66846,590.1,35,588.25,35,70,35
2025-08-01 12:38:20,NSE_FO|66846,590.1,35,588.25,35,70,35
2025-08-01 12:38:20,NSE_FO|66846,590.1,35,588.85,70,70,70
2025-08-01 12:38:21,NSE_FO|66846,590.1,35,589.1,105,70,105
2025-08-01 12:38:22,NSE_FO|66846,588.9,35,589.1,105,70,105
2025-08-01 12:38:23,NSE_FO|66846,590.45,35,589.1,105,70,105
2025-08-01 12:38:23,NSE_FO|66846,588.5,35,588.45,70,70,70
2025-08-01 12:38:25,NSE_FO|66846,590.95,35,588.45,70,70,70
2025-08-01 12:38:25,NSE_FO|66846,590.95,35,589.85,70,35,70
2025-08-01 12:38:25,NSE_FO|66846,591.0,70,589.85,70,35,70
2025-08-01 12:38:26,NSE_FO|66846,591.0,70,589.9,70,70,70
2025-08-01 12:38:27,NSE_FO|66846,591.0,70,590.3,105,70,105
2025-08-01 12:38:28,NSE_FO|66846,590.35,35,590.3,105,70,105
2025-08-01 12:38:28,NSE_FO|66846,591.0,70,590.3,105,70,105
2025-08-01 12:38:29,NSE_FO|66846,591.0,70,590.55,70,70,70
2025-08-01 12:38:29,NSE_FO|66846,592.5,35,590.55,70,70,70
2025-08-01 12:38:31,NSE_FO|66846,590.65,35,590.35,105,35,105
2025-08-01 12:38:32,NSE_FO|66846,590.65,35,590.35,105,70,105
2025-08-01 12:38:32,NSE_FO|66846,591.75,35,590.35,105,70,105
2025-08-01 12:38:33,NSE_FO|66846,591.75,35,590.5,105,70,105
2025-08-01 12:38:34,NSE_FO|66846,591.75,35,590.45,70,70,70
2025-08-01 12:38:34,NSE_FO|66846,591.0,35,590.45,70,70,70
2025-08-01 12:38:35,NSE_FO|66846,590.9,35,590.45,70,70,70
2025-08-01 12:38:35,NSE_FO|66846,590.35,35,590.0,35,70,35
2025-08-01 12:38:35,NSE_FO|66846,590.35,35,590.0,35,70,35
2025-08-01 12:38:37,NSE_FO|66846,590.35,35,590.0,70,70,70
2025-08-01 12:38:37,NSE_FO|66846,590.0,35,590.0,70,70,70
2025-08-01 12:38:38,NSE_FO|66846,590.0,35,590.0,35,35,35
2025-08-01 12:38:39,NSE_FO|66846,590.8,35,590.0,140,35,140
2025-08-01 12:38:40,NSE_FO|66846,591.0,35,590.0,140,35,140
2025-08-01 12:38:40,NSE_FO|66846,591.0,35,591.8,70,70,70
2025-08-01 12:38:41,NSE_FO|66846,591.0,35,591.4,70,70,70
2025-08-01 12:38:42,NSE_FO|66846,591.6,70,591.4,70,70,70
2025-08-01 12:38:43,NSE_FO|66846,592.75,35,590.8,35,105,35
2025-08-01 12:38:44,NSE_FO|66846,592.75,35,591.1,70,70,70
2025-08-01 12:38:46,NSE_FO|66846,592.9,35,591.65,70,70,70
2025-08-01 12:38:47,NSE_FO|66846,592.1,35,591.65,70,70,70
2025-08-01 12:38:47,NSE_FO|66846,592.1,35,591.0,105,35,105
2025-08-01 12:38:48,NSE_FO|66846,591.55,35,591.3,70,70,70
2025-08-01 12:38:50,NSE_FO|66846,590.35,35,590.95,35,105,35
2025-08-01 12:38:51,NSE_FO|66846,590.35,35,590.95,70,70,70
2025-08-01 12:38:53,NSE_FO|66846,590.35,35,591.4,105,70,105
2025-08-01 12:38:54,NSE_FO|66846,592.1,35,591.4,105,70,105
2025-08-01 12:38:54,NSE_FO|66846,592.05,35,590.3,105,105,105
2025-08-01 12:38:55,NSE_FO|66846,592.05,35,590.3,105,105,105
2025-08-01 12:38:56,NSE_FO|66846,591.3,35,590.3,105,105,105
2025-08-01 12:38:56,NSE_FO|66846,591.3,35,590.05,70,70,70
2025-08-01 12:38:57,NSE_FO|66846,591.3,35,590.35,105,70,105
2025-08-01 12:38:58,NSE_FO|66846,590.05,35,590.35,105,70,105
2025-08-01 12:38:58,NSE_FO|66846,590.05,35,590.0,70,105,70
2025-08-01 12:39:00,NSE_FO|66846,590.45,70,590.0,70,105,70
2025-08-01 12:39:00,NSE_FO|66846,591.75,35,590.4,70,105,70
2025-08-01 12:39:01,NSE_FO|66846,590.0,35,590.4,70,105,70
2025-08-01 12:39:02,NSE_FO|66846,590.0,35,588.5,70,35,70
2025-08-01 12:39:03,NSE_FO|66846,590.0,35,589.25,35,35,35
2025-08-01 12:39:03,NSE_FO|66846,590.0,35,589.25,35,35,35
2025-08-01 12:39:04,NSE_FO|66846,592.0,35,591.7,70,70,70
2025-08-01 12:39:05,NSE_FO|66846,590.3,35,591.7,70,70,70
2025-08-01 12:39:05,NSE_FO|66846,590.35,35,590.8,70,35,70
2025-08-01 12:39:05,NSE_FO|66846,590.35,35,590.8,70,35,70
2025-08-01 12:39:06,NSE_FO|66846,592.45,35,590.4,105,70,105
2025-08-01 12:39:07,NSE_FO|66846,592.45,35,590.4,105,70,105
2025-08-01 12:39:08,NSE_FO|66846,592.45,35,591.7,70,35,70
2025-08-01 12:39:08,NSE_FO|66846,592.05,35,591.7,70,35,70
2025-08-01 12:39:09,NSE_FO|66846,592.05,35,591.95,140,70,140
2025-08-01 12:39:10,NSE_FO|66846,590.95,35,591.95,140,70,140
2025-08-01 12:39:10,NSE_FO|66846,593.4,35,591.75,35,105,35
2025-08-01 12:39:11,NSE_FO|66846,593.4,35,591.75,35,105,35
2025-08-01 12:39:11,NSE_FO|66846,593.4,35,592.0,35,70,35
2025-08-01 12:39:12,NSE_FO|66846,594.55,35,592.15,70,105,70
2025-08-01 12:39:13,NSE_FO|66846,593.4,35,592.15,70,105,70
2025-08-01 12:39:14,NSE_FO|66846,591.45,35,592.15,70,105,70
2025-08-01 12:39:14,NSE_FO|66846,591.45,35,591.75,105,70,105
2025-08-01 12:39:15,NSE_FO|66846,591.45,35,591.7,70,70,70
2025-08-01 12:39:15,NSE_FO|66846,593.4,35,591.7,70,70,70
2025-08-01 12:39:16,NSE_FO|66846,593.4,35,590.45,70,70,70
2025-08-01 12:39:16,NSE_FO|66846,592.15,35,590.45,70,70,70
2025-08-01 12:39:17,NSE_FO|66846,590.5,35,590.45,70,70,70
2025-08-01 12:39:17,NSE_FO|66846,590.5,35,590.5,70,70,70
2025-08-01 12:39:18,NSE_FO|66846,591.45,35,590.5,70,70,70
2025-08-01 12:39:18,NSE_FO|66846,591.45,35,590.25,105,70,105
2025-08-01 12:39:20,NSE_FO|66846,591.45,35,590.25,105,70,105
2025-08-01 12:39:20,NSE_FO|66846,591.45,35,590.5,105,140,105
2025-08-01 12:39:20,NSE_FO|66846,592.05,35,590.5,105,140,105
2025-08-01 12:39:21,NSE_FO|66846,592.25,35,590.1,35,70,35
2025-08-01 12:39:22,NSE_FO|66846,589.2,70,590.1,35,70,35
2025-08-01 12:39:22,NSE_FO|66846,590.35,35,588.85,70,105,70
2025-08-01 12:39:23,NSE_FO|66846,590.35,35,588.85,70,105,70
2025-08-01 12:39:23,NSE_FO|66846,590.35,35,589.55,70,70,70
2025-08-01 12:39:24,NSE_FO|66846,591.45,35,589.55,70,70,70
2025-08-01 12:39:25,NSE_FO|66846,591.45,35,592.4,70,35,70
2025-08-01 12:39:25,NSE_FO|66846,593.95,35,592.4,70,35,70
2025-08-01 12:39:26,NSE_FO|66846,593.95,35,591.5,105,70,105
2025-08-01 12:39:27,NSE_FO|66846,593.95,35,590.65,70,70,70
2025-08-01 12:39:28,NSE_FO|66846,593.95,35,590.05,70,70,70
2025-08-01 12:39:28,NSE_FO|66846,591.6,35,590.05,70,70,70
2025-08-01 12:39:29,NSE_FO|66846,591.6,35,590.2,70,105,70
2025-08-01 12:39:30,NSE_FO|66846,590.35,35,590.2,70,105,70
2025-08-01 12:39:31,NSE_FO|66846,590.3,35,590.05,70,70,70
2025-08-01 12:39:32,NSE_FO|66846,590.25,35,590.05,70,70,70
2025-08-01 12:39:32,NSE_FO|66846,590.25,35,590.0,105,140,105
2025-08-01 12:39:32,NSE_FO|66846,591.45,35,590.0,105,140,105
2025-08-01 12:39:34,NSE_FO|66846,591.85,35,590.0,105,140,105
2025-08-01 12:39:34,NSE_FO|66846,591.85,35,591.6,70,140,70
2025-08-01 12:39:35,NSE_FO|66846,593.0,70,591.6,70,140,70
2025-08-01 12:39:35,NSE_FO|66846,595.7,35,593.55,35,105,35
2025-08-01 12:39:37,NSE_FO|66846,595.7,35,593.05,140,70,140
2025-08-01 12:39:38,NSE_FO|66846,595.5,35,593.05,140,70,140
2025-08-01 12:39:38,NSE_FO|66846,595.5,35,592.65,70,105,70
2025-08-01 12:39:39,NSE_FO|66846,595.5,35,593.1,70,35,70
2025-08-01 12:39:40,NSE_FO|66846,594.95,35,593.1,70,35,70
2025-08-01 12:39:41,NSE_FO|66846,593.65,35,593.1,70,35,70
2025-08-01 12:39:41,NSE_FO|66846,593.65,35,593.45,70,35,70
2025-08-01 12:39:43,NSE_FO|66846,594.9,35,593.45,70,35,70
2025-08-01 12:39:43,NSE_FO|66846,594.9,35,592.95,70,70,70
2025-08-01 12:39:44,NSE_FO|66846,600.0,35,592.95,70,70,70
2025-08-01 12:39:44,NSE_FO|66846,600.0,35,598.05,70,70,70
2025-08-01 12:39:44,NSE_FO|66846,598.0,35,598.05,70,70,70
2025-08-01 12:39:45,NSE_FO|66846,600.4,35,598.75,70,70,70
2025-08-01 12:39:46,NSE_FO|66846,600.4,35,598.75,70,70,70
2025-08-01 12:39:47,NSE_FO|66846,601.15,35,598.75,70,70,70
2025-08-01 12:39:47,NSE_FO|66846,600.0,35,598.75,70,70,70
2025-08-01 12:39:48,NSE_FO|66846,600.0,35,600.0,70,105,70
2025-08-01 12:39:49,NSE_FO|66846,601.5,35,600.0,70,105,70
2025-08-01 12:39:49,NSE_FO|66846,601.5,35,598.65,175,70,175
2025-08-01 12:39:50,NSE_FO|66846,599.55,35,598.65,175,70,175
2025-08-01 12:39:50,NSE_FO|66846,599.35,35,598.65,175,70,175
2025-08-01 12:39:51,NSE_FO|66846,599.8,35,597.7,70,105,70
2025-08-01 12:39:52,NSE_FO|66846,599.8,35,597.7,70,105,70
2025-08-01 12:39:53,NSE_FO|66846,599.6,35,598.8,35,70,35
2025-08-01 12:39:53,NSE_FO|66846,600.0,70,598.8,35,70,35
2025-08-01 12:39:54,NSE_FO|66846,600.0,70,598.65,70,70,70
2025-08-01 12:39:55,NSE_FO|66846,600.0,70,600.2,70,70,70
2025-08-01 12:39:58,NSE_FO|66846,600.8,35,600.2,70,70,70
2025-08-01 12:39:58,NSE_FO|66846,600.8,35,598.85,70,140,70
2025-08-01 12:39:59,NSE_FO|66846,600.8,35,597.85,105,70,105
2025-08-01 12:40:00,NSE_FO|66846,600.0,70,597.85,105,70,105
2025-08-01 12:40:00,NSE_FO|66846,600.35,35,598.6,70,105,70
2025-08-01 12:40:01,NSE_FO|66846,600.35,35,598.6,70,105,70
2025-08-01 12:40:01,NSE_FO|66846,600.35,35,599.6,70,70,70
2025-08-01 12:40:02,NSE_FO|66846,600.3,35,599.6,70,70,70
2025-08-01 12:40:02,NSE_FO|66846,601.55,35,600.4,35,35,35
2025-08-01 12:40:03,NSE_FO|66846,601.55,35,600.4,35,35,35
2025-08-01 12:40:04,NSE_FO|66846,600.0,35,600.4,35,35,35
2025-08-01 12:40:04,NSE_FO|66846,600.0,35,600.0,105,105,105
2025-08-01 12:40:05,NSE_FO|66846,600.0,105,600.0,105,105,105
2025-08-01 12:40:05,NSE_FO|66846,602.35,35,600.0,105,105,105
2025-08-01 12:40:06,NSE_FO|66846,602.35,35,601.05,35,105,35
2025-08-01 12:40:08,NSE_FO|66846,600.4,35,601.05,35,105,35
2025-08-01 12:40:09,NSE_FO|66846,600.4,35,600.0,105,245,105
2025-08-01 12:40:09,NSE_FO|66846,600.95,35,600.0,105,245,105
2025-08-01 12:40:10,NSE_FO|66846,602.65,35,600.0,105,245,105
2025-08-01 12:40:10,NSE_FO|66846,602.95,70,600.85,105,70,105
2025-08-01 12:40:11,NSE_FO|66846,602.95,70,600.85,105,70,105
2025-08-01 12:40:11,NSE_FO|66846,604.0,175,602.8,70,140,70
2025-08-01 12:40:13,NSE_FO|66846,604.45,35,602.7,210,70,210
2025-08-01 12:40:14,NSE_FO|66846,604.3,35,602.7,210,70,210
2025-08-01 12:40:14,NSE_FO|66846,604.3,35,601.75,70,70,70
2025-08-01 12:40:15,NSE_FO|66846,600.65,35,601.75,70,70,70
2025-08-01 12:40:15,NSE_FO|66846,603.0,35,601.0,105,35,105
2025-08-01 12:40:16,NSE_FO|66846,601.4,35,601.0,105,35,105
2025-08-01 12:40:16,NSE_FO|66846,603.25,35,601.4,70,70,70
2025-08-01 12:40:17,NSE_FO|66846,604.2,35,601.4,70,70,70
2025-08-01 12:40:17,NSE_FO|66846,602.75,35,601.65,70,35,70
2025-08-01 12:40:18,NSE_FO|66846,601.55,35,601.65,70,35,70
2025-08-01 12:40:19,NSE_FO|66846,600.6,35,601.65,70,35,70
2025-08-01 12:40:19,NSE_FO|66846,600.6,35,600.8,70,35,70
2025-08-01 12:40:20,NSE_FO|66846,600.6,35,600.8,70,35,70
2025-08-01 12:40:20,NSE_FO|66846,601.15,35,600.8,70,35,70
2025-08-01 12:40:20,NSE_FO|66846,601.15,35,601.7,35,105,35
2025-08-01 12:40:21,NSE_FO|66846,601.65,35,601.7,35,105,35
2025-08-01 12:40:21,NSE_FO|66846,603.9,35,600.9,70,70,70
2025-08-01 12:40:22,NSE_FO|66846,603.9,35,600.9,70,70,70
2025-08-01 12:40:22,NSE_FO|66846,600.9,35,600.9,70,70,70
2025-08-01 12:40:23,NSE_FO|66846,601.05,35,600.9,70,70,70
2025-08-01 12:40:24,NSE_FO|66846,601.05,35,601.8,105,70,105
2025-08-01 12:40:24,NSE_FO|66846,605.0,105,601.8,105,70,105
2025-08-01 12:40:25,NSE_FO|66846,604.35,35,604.3,140,35,140
2025-08-01 12:40:25,NSE_FO|66846,604.35,35,604.3,140,35,140
2025-08-01 12:40:26,NSE_FO|66846,603.85,35,604.3,140,35,140
2025-08-01 12:40:28,NSE_FO|66846,604.55,35,602.7,35,70,35
2025-08-01 12:40:29,NSE_FO|66846,603.75,35,602.7,35,70,35
2025-08-01 12:40:29,NSE_FO|66846,603.75,35,602.4,70,70,70
2025-08-01 12:40:30,NSE_FO|66846,603.75,35,601.6,70,105,70
2025-08-01 12:40:30,NSE_FO|66846,603.45,35,601.6,70,105,70
2025-08-01 12:40:31,NSE_FO|66846,603.75,35,603.0,770,35,770
2025-08-01 12:40:32,NSE_FO|66846,604.0,70,603.0,770,35,770
2025-08-01 12:40:32,NSE_FO|66846,604.65,70,605.2,245,35,245
2025-08-01 12:40:33,NSE_FO|66846,604.65,70,605.2,245,35,245
2025-08-01 12:40:34,NSE_FO|66846,605.4,35,605.2,245,35,245
2025-08-01 12:40:34,NSE_FO|66846,605.4,35,605.4,70,70,70
2025-08-01 12:40:35,NSE_FO|66846,608.0,35,605.4,70,70,70
2025-08-01 12:40:35,NSE_FO|66846,608.0,35,606.0,105,140,105
2025-08-01 12:40:36,NSE_FO|66846,608.0,35,606.0,105,140,105
2025-08-01 12:40:36,NSE_FO|66846,606.4,35,606.5,105,70,105
2025-08-01 12:40:37,NSE_FO|66846,606.65,35,606.5,105,70,105
2025-08-01 12:40:37,NSE_FO|66846,608.0,35,605.7,70,105,70
2025-08-01 12:40:38,NSE_FO|66846,608.0,35,605.7,70,105,70
2025-08-01 12:40:39,NSE_FO|66846,606.45,35,606.9,35,70,35
2025-08-01 12:40:40,NSE_FO|66846,608.95,35,606.9,35,70,35
2025-08-01 12:40:40,NSE_FO|66846,609.0,35,608.0,980,35,980
2025-08-01 12:40:41,NSE_FO|66846,608.65,35,608.0,980,35,980
2025-08-01 12:40:41,NSE_FO|66846,607.5,70,607.7,980,70,980
2025-08-01 12:40:43,NSE_FO|66846,606.6,70,607.0,35,35,35
2025-08-01 12:40:44,NSE_FO|66846,608.65,35,607.0,35,35,35
2025-08-01 12:40:44,NSE_FO|66846,608.65,35,606.85,70,70,70
2025-08-01 12:40:45,NSE_FO|66846,610.0,35,606.85,70,70,70
2025-08-01 12:40:45,NSE_FO|66846,608.3,35,606.45,70,70,70
2025-08-01 12:40:46,NSE_FO|66846,605.3,35,606.45,70,70,70
2025-08-01 12:40:46,NSE_FO|66846,608.05,35,606.6,70,175,70
2025-08-01 12:40:47,NSE_FO|66846,606.6,140,606.6,70,175,70
2025-08-01 12:40:47,NSE_FO|66846,606.95,35,604.75,175,70,175
2025-08-01 12:40:48,NSE_FO|66846,607.4,35,604.75,175,70,175
2025-08-01 12:40:49,NSE_FO|66846,608.85,35,606.9,70,70,70
2025-08-01 12:40:50,NSE_FO|66846,608.9,35,606.9,70,70,70
2025-08-01 12:40:50,NSE_FO|66846,607.5,35,607.5,70,105,70
2025-08-01 12:40:51,NSE_FO|66846,607.1,35,607.5,70,105,70
2025-08-01 12:40:51,NSE_FO|66846,607.65,35,606.85,105,70,105
2025-08-01 12:40:52,NSE_FO|66846,608.4,35,606.85,105,70,105
2025-08-01 12:40:52,NSE_FO|66846,608.8,35,608.8,1330,245,1330
2025-08-01 12:40:53,NSE_FO|66846,608.8,35,608.8,1330,245,1330
2025-08-01 12:40:54,NSE_FO|66846,611.6,35,611.9,735,140,735
2025-08-01 12:40:55,NSE_FO|66846,613.0,35,611.9,735,140,735
2025-08-01 12:40:55,NSE_FO|66846,613.0,140,612.85,210,70,210
2025-08-01 12:40:56,NSE_FO|66846,614.85,35,612.85,210,70,210
2025-08-01 12:40:56,NSE_FO|66846,614.25,35,614.05,70,70,70
2025-08-01 12:40:57,NSE_FO|66846,614.9,35,614.05,70,70,70
2025-08-01 12:40:57,NSE_FO|66846,611.45,35,610.4,140,35,140
2025-08-01 12:40:58,NSE_FO|66846,611.55,35,610.4,140,35,140
2025-08-01 12:40:59,NSE_FO|66846,608.65,35,610.4,140,35,140
2025-08-01 12:41:00,NSE_FO|66846,607.0,35,610.4,140,35,140
2025-08-01 12:41:00,NSE_FO|66846,608.7,35,606.4,70,70,70
2025-08-01 12:41:01,NSE_FO|66846,605.2,35,606.4,70,70,70
2025-08-01 12:41:01,NSE_FO|66846,606.6,35,605.15,175,140,175
2025-08-01 12:41:02,NSE_FO|66846,606.55,70,605.15,175,140,175
2025-08-01 12:41:02,NSE_FO|66846,605.05,35,605.65,35,140,35
2025-08-01 12:41:03,NSE_FO|66846,607.3,35,605.65,35,140,35
2025-08-01 12:41:04,NSE_FO|66846,608.1,35,606.15,140,70,140
2025-08-01 12:41:05,NSE_FO|66846,606.15,35,606.15,140,70,140
2025-08-01 12:41:05,NSE_FO|66846,606.15,35,605.75,210,70,210
2025-08-01 12:41:06,NSE_FO|66846,600.65,105,605.75,210,70,210
2025-08-01 12:41:06,NSE_FO|66846,594.45,35,595.55,70,70,70
2025-08-01 12:41:07,NSE_FO|66846,599.7,35,595.55,70,70,70
2025-08-01 12:41:07,NSE_FO|66846,599.7,35,597.6,70,315,70
2025-08-01 12:41:08,NSE_FO|66846,598.7,35,597.6,70,315,70
2025-08-01 12:41:08,NSE_FO|66846,597.75,35,597.65,35,105,35
2025-08-01 12:41:09,NSE_FO|66846,597.75,35,597.65,35,105,35
2025-08-01 12:41:10,NSE_FO|66846,596.6,35,597.5,70,35,70
2025-08-01 12:41:11,NSE_FO|66846,598.35,35,597.5,70,35,70
2025-08-01 12:41:11,NSE_FO|66846,598.35,35,599.05,70,105,70
2025-08-01 12:41:12,NSE_FO|66846,600.65,35,599.05,70,105,70
2025-08-01 12:41:12,NSE_FO|66846,600.65,35,599.95,105,35,105
2025-08-01 12:41:13,NSE_FO|66846,599.95,35,599.95,105,35,105
2025-08-01 12:41:13,NSE_FO|66846,600.55,35,599.0,105,70,105
2025-08-01 12:41:14,NSE_FO|66846,600.55,35,599.0,105,70,105
2025-08-01 12:41:15,NSE_FO|66846,600.65,35,599.0,105,70,105
2025-08-01 12:41:15,NSE_FO|66846,600.95,35,599.65,70,175,70
2025-08-01 12:41:16,NSE_FO|66846,601.55,35,599.65,70,175,70
2025-08-01 12:41:16,NSE_FO|66846,601.55,35,600.95,105,70,105
2025-08-01 12:41:17,NSE_FO|66846,602.75,70,600.95,105,70,105
2025-08-01 12:41:17,NSE_FO|66846,602.75,70,601.2,105,210,105
2025-08-01 12:41:18,NSE_FO|66846,601.35,35,601.2,105,210,105
2025-08-01 12:41:18,NSE_FO|66846,602.0,35,602.5,105,210,105
2025-08-01 12:41:19,NSE_FO|66846,602.0,35,602.5,105,210,105
2025-08-01 12:41:20,NSE_FO|66846,602.3,35,602.5,105,210,105
2025-08-01 12:41:20,NSE_FO|66846,602.3,35,601.7,70,35,70
2025-08-01 12:41:21,NSE_FO|66846,600.0,35,601.7,70,35,70
2025-08-01 12:41:22,NSE_FO|66846,602.0,35,601.7,70,35,70
2025-08-01 12:41:22,NSE_FO|66846,600.2,35,600.4,105,35,105
2025-08-01 12:41:23,NSE_FO|66846,600.95,35,600.4,105,35,105
2025-08-01 12:41:23,NSE_FO|66846,600.95,35,601.35,70,70,70
2025-08-01 12:41:24,NSE_FO|66846,601.35,35,601.35,70,70,70
2025-08-01 12:41:25,NSE_FO|66846,602.85,35,602.25,35,70,35
2025-08-01 12:41:26,NSE_FO|66846,602.15,35,602.25,35,70,35
2025-08-01 12:41:26,NSE_FO|66846,599.95,35,599.9,175,105,175
2025-08-01 12:41:27,NSE_FO|66846,601.6,70,599.9,175,105,175
2025-08-01 12:41:27,NSE_FO|66846,601.9,35,600.2,70,70,70
2025-08-01 12:41:28,NSE_FO|66846,601.9,35,600.2,70,70,70
2025-08-01 12:41:28,NSE_FO|66846,601.9,35,601.4,35,35,35
2025-08-01 12:41:29,NSE_FO|66846,603.5,35,601.4,35,35,35
2025-08-01 12:41:30,NSE_FO|66846,603.5,35,601.85,70,70,70
2025-08-01 12:41:30,NSE_FO|66846,601.4,35,601.85,70,70,70
2025-08-01 12:41:31,NSE_FO|66846,601.8,35,601.85,70,70,70
2025-08-01 12:41:31,NSE_FO|66846,601.8,35,601.15,70,35,70
2025-08-01 12:41:32,NSE_FO|66846,601.5,35,601.15,70,35,70
2025-08-01 12:41:32,NSE_FO|66846,601.5,35,601.0,140,35,140
2025-08-01 12:41:33,NSE_FO|66846,600.95,35,601.0,140,35,140
2025-08-01 12:41:33,NSE_FO|66846,600.95,35,600.0,35,105,35
2025-08-01 12:41:34,NSE_FO|66846,601.5,35,600.0,35,105,35
2025-08-01 12:41:35,NSE_FO|66846,600.55,35,600.35,70,70,70
2025-08-01 12:41:36,NSE_FO|66846,600.45,35,600.7,35,70,35
2025-08-01 12:41:37,NSE_FO|66846,601.35,35,600.0,105,70,105
2025-08-01 12:41:38,NSE_FO|66846,600.0,35,600.0,105,70,105
2025-08-01 12:41:38,NSE_FO|66846,599.7,35,598.25,70,105,70
2025-08-01 12:41:39,NSE_FO|66846,599.7,35,598.25,70,105,70
2025-08-01 12:41:39,NSE_FO|66846,600.8,35,599.0,35,140,35
2025-08-01 12:41:40,NSE_FO|66846,600.8,35,599.0,35,140,35
2025-08-01 12:41:41,NSE_FO|66846,600.8,35,600.2,70,70,70
2025-08-01 12:41:41,NSE_FO|66846,601.65,35,600.2,70,70,70
2025-08-01 12:41:42,NSE_FO|66846,601.4,35,600.2,70,70,70
2025-08-01 12:41:42,NSE_FO|66846,601.4,35,600.4,105,210,105
2025-08-01 12:41:43,NSE_FO|66846,600.9,35,600.4,105,210,105
2025-08-01 12:41:43,NSE_FO|66846,601.25,70,599.7,35,70,35
2025-08-01 12:41:44,NSE_FO|66846,599.8,35,599.7,35,70,35
2025-08-01 12:41:45,NSE_FO|66846,596.8,70,599.7,35,70,35
2025-08-01 12:41:45,NSE_FO|66846,596.8,70,596.85,35,70,35
2025-08-01 12:41:46,NSE_FO|66846,596.6,35,596.85,35,70,35
2025-08-01 12:41:47,NSE_FO|66846,598.0,35,597.5,140,105,140
2025-08-01 12:41:48,NSE_FO|66846,599.6,35,597.5,140,105,140
2025-08-01 12:41:48,NSE_FO|66846,599.65,35,597.8,70,105,70
2025-08-01 12:41:49,NSE_FO|66846,598.9,35,598.55,70,105,70
2025-08-01 12:41:50,NSE_FO|66846,598.9,35,598.55,70,105,70
2025-08-01 12:41:50,NSE_FO|66846,602.55,35,602.5,105,105,105
2025-08-01 12:41:51,NSE_FO|66846,602.55,35,602.5,105,105,105
2025-08-01 12:41:52,NSE_FO|66846,606.0,35,604.4,35,175,35
2025-08-01 12:41:52,NSE_FO|66846,606.0,35,604.4,35,175,35
2025-08-01 12:41:53,NSE_FO|66846,604.05,35,603.8,35,70,35
2025-08-01 12:41:53,NSE_FO|66846,604.05,35,603.8,35,70,35
2025-08-01 12:41:54,NSE_FO|66846,604.5,70,603.8,35,70,35
2025-08-01 12:41:54,NSE_FO|66846,604.5,70,603.1,70,70,70
2025-08-01 12:41:55,NSE_FO|66846,604.5,70,603.1,70,70,70
2025-08-01 12:41:55,NSE_FO|66846,604.8,35,604.85,35,105,35
2025-08-01 12:41:56,NSE_FO|66846,605.2,35,604.85,35,105,35
2025-08-01 12:41:57,NSE_FO|66846,606.05,35,604.4,35,70,35
2025-08-01 12:41:58,NSE_FO|66846,606.05,35,602.6,70,70,70
2025-08-01 12:41:58,NSE_FO|66846,602.35,35,602.6,70,70,70
2025-08-01 12:41:59,NSE_FO|66846,604.5,35,602.6,70,70,70
2025-08-01 12:41:59,NSE_FO|66846,604.5,35,601.65,70,70,70
2025-08-01 12:42:00,NSE_FO|66846,604.5,35,602.0,70,70,70
2025-08-01 12:42:01,NSE_FO|66846,603.6,35,602.0,70,70,70
2025-08-01 12:42:01,NSE_FO|66846,603.6,35,602.25,140,105,140
2025-08-01 12:42:03,NSE_FO|66846,603.6,35,602.7,70,70,70
2025-08-01 12:42:03,NSE_FO|66846,604.05,70,602.7,70,70,70
2025-08-01 12:42:04,NSE_FO|66846,604.05,70,602.85,35,70,35
2025-08-01 12:42:05,NSE_FO|66846,603.0,35,602.85,35,70,35
2025-08-01 12:42:06,NSE_FO|66846,604.85,35,602.85,35,70,35
2025-08-01 12:42:06,NSE_FO|66846,604.85,35,603.75,70,70,70
2025-08-01 12:42:07,NSE_FO|66846,604.85,35,602.65,70,70,70
2025-08-01 12:42:09,NSE_FO|66846,603.45,35,603.1,70,70,70
2025-08-01 12:42:10,NSE_FO|66846,603.45,35,603.7,140,35,140
2025-08-01 12:42:10,NSE_FO|66846,603.75,35,603.7,140,35,140
2025-08-01 12:42:11,NSE_FO|66846,605.0,35,604.0,105,35,105
2025-08-01 12:42:12,NSE_FO|66846,605.0,35,604.0,105,35,105
2025-08-01 12:42:12,NSE_FO|66846,608.6,70,606.35,70,35,70
2025-08-01 12:42:13,NSE_FO|66846,605.55,35,606.35,70,35,70
2025-08-01 12:42:14,NSE_FO|66846,603.45,35,602.85,140,70,140
2025-08-01 12:42:15,NSE_FO|66846,603.45,35,602.5,70,35,70
2025-08-01 12:42:16,NSE_FO|66846,603.45,35,602.75,70,35,70
2025-08-01 12:42:17,NSE_FO|66846,603.45,35,601.85,70,70,70
2025-08-01 12:42:18,NSE_FO|66846,604.7,35,601.85,70,70,70
2025-08-01 12:42:18,NSE_FO|66846,602.05,35,602.85,175,70,175
2025-08-01 12:42:19,NSE_FO|66846,602.05,35,602.85,175,70,175
2025-08-01 12:42:20,NSE_FO|66846,602.05,35,601.1,70,70,70
2025-08-01 12:42:21,NSE_FO|66846,603.25,35,601.1,70,70,70
2025-08-01 12:42:21,NSE_FO|66846,603.25,35,601.4,70,105,70
2025-08-01 12:42:22,NSE_FO|66846,603.25,35,601.6,105,70,105
2025-08-01 12:42:23,NSE_FO|66846,601.85,35,601.6,105,70,105
2025-08-01 12:42:24,NSE_FO|66846,604.0,35,602.2,105,70,105
2025-08-01 12:42:25,NSE_FO|66846,604.0,35,602.2,105,70,105
2025-08-01 12:42:26,NSE_FO|66846,602.4,35,600.25,70,105,70
2025-08-01 12:42:27,NSE_FO|66846,600.05,35,600.25,70,105,70
2025-08-01 12:42:27,NSE_FO|66846,600.05,35,600.0,105,70,105
2025-08-01 12:42:28,NSE_FO|66846,601.3,35,600.0,105,70,105
2025-08-01 12:42:28,NSE_FO|66846,601.2,35,599.3,35,70,35
2025-08-01 12:42:29,NSE_FO|66846,598.0,140,597.25,70,35,70
2025-08-01 12:42:30,NSE_FO|66846,598.0,140,597.25,70,35,70
2025-08-01 12:42:31,NSE_FO|66846,599.3,35,597.8,70,35,70
2025-08-01 12:42:32,NSE_FO|66846,599.4,35,597.8,70,35,70
2025-08-01 12:42:32,NSE_FO|66846,599.4,35,597.85,105,70,105
2025-08-01 12:42:33,NSE_FO|66846,597.85,35,597.85,105,70,105
2025-08-01 12:42:33,NSE_FO|66846,600.0,35,599.75,70,70,70
2025-08-01 12:42:34,NSE_FO|66846,600.0,35,599.75,70,70,70
2025-08-01 12:42:34,NSE_FO|66846,600.0,35,598.75,70,105,70
2025-08-01 12:42:35,NSE_FO|66846,600.4,35,598.75,70,105,70
2025-08-01 12:42:35,NSE_FO|66846,600.4,35,599.7,70,105,70
2025-08-01 12:42:36,NSE_FO|66846,600.85,35,599.7,70,105,70
2025-08-01 12:42:37,NSE_FO|66846,600.85,35,599.65,140,70,140
2025-08-01 12:42:37,NSE_FO|66846,599.7,35,599.65,140,70,140
2025-08-01 12:42:38,NSE_FO|66846,601.85,35,599.65,140,70,140
2025-08-01 12:42:38,NSE_FO|66846,601.65,35,601.4,70,70,70
2025-08-01 12:42:39,NSE_FO|66846,601.65,35,601.4,70,70,70
2025-08-01 12:42:39,NSE_FO|66846,601.65,35,602.4,35,70,35
2025-08-01 12:42:40,NSE_FO|66846,603.3,35,602.4,35,70,35
2025-08-01 12:42:40,NSE_FO|66846,603.3,35,603.2,280,175,280
2025-08-01 12:42:41,NSE_FO|66846,604.9,35,603.2,280,175,280
2025-08-01 12:42:42,NSE_FO|66846,604.2,35,604.25,385,140,385
2025-08-01 12:42:43,NSE_FO|66846,604.2,35,603.15,35,70,35
2025-08-01 12:42:44,NSE_FO|66846,602.05,70,603.15,35,70,35
2025-08-01 12:42:45,NSE_FO|66846,599.2,35,603.15,35,70,35
2025-08-01 12:42:46,NSE_FO|66846,599.2,35,598.35,35,140,35
2025-08-01 12:42:46,NSE_FO|66846,598.05,35,598.35,35,140,35
2025-08-01 12:42:47,NSE_FO|66846,599.35,35,598.35,35,140,35
2025-08-01 12:42:47,NSE_FO|66846,599.35,35,599.5,140,70,140
2025-08-01 12:42:48,NSE_FO|66846,599.35,35,598.9,70,70,70
2025-08-01 12:42:48,NSE_FO|66846,602.4,35,598.9,70,70,70
2025-08-01 12:42:49,NSE_FO|66846,602.4,35,601.4,70,70,70
2025-08-01 12:42:49,NSE_FO|66846,602.6,35,601.4,70,70,70
2025-08-01 12:42:50,NSE_FO|66846,602.75,35,601.4,70,70,70
2025-08-01 12:42:50,NSE_FO|66846,603.75,35,602.85,315,210,315
2025-08-01 12:42:51,NSE_FO|66846,604.0,35,602.85,315,210,315
2025-08-01 12:42:52,NSE_FO|66846,603.35,35,604.05,385,105,385
2025-08-01 12:42:53,NSE_FO|66846,605.6,35,604.05,385,105,385
2025-08-01 12:42:53,NSE_FO|66846,605.6,35,607.4,105,70,105
2025-08-01 12:42:54,NSE_FO|66846,606.55,35,607.4,105,70,105
2025-08-01 12:42:54,NSE_FO|66846,607.3,35,608.75,140,35,140
2025-08-01 12:42:55,NSE_FO|66846,610.0,35,608.75,140,35,140
2025-08-01 12:42:55,NSE_FO|66846,612.0,35,610.4,350,140,350
2025-08-01 12:42:56,NSE_FO|66846,610.5,35,610.4,350,140,350
2025-08-01 12:42:57,NSE_FO|66846,613.6,105,612.55,175,35,175
2025-08-01 12:42:58,NSE_FO|66846,611.4,35,611.7,70,105,70
2025-08-01 12:42:59,NSE_FO|66846,613.0,35,611.7,70,105,70
2025-08-01 12:42:59,NSE_FO|66846,612.15,35,612.15,105,105,105
2025-08-01 12:43:00,NSE_FO|66846,611.05,35,612.15,105,105,105
2025-08-01 12:43:00,NSE_FO|66846,612.75,35,611.35,140,35,140
2025-08-01 12:43:02,NSE_FO|66846,611.25,35,609.85,35,70,35
2025-08-01 12:43:03,NSE_FO|66846,610.35,35,609.85,35,70,35
2025-08-01 12:43:03,NSE_FO|66846,610.35,35,607.55,35,35,35
2025-08-01 12:43:04,NSE_FO|66846,608.85,35,607.55,35,35,35
2025-08-01 12:43:06,NSE_FO|66846,612.5,70,607.55,35,35,35
2025-08-01 12:43:07,NSE_FO|66846,614.3,35,611.65,70,140,70
2025-08-01 12:43:08,NSE_FO|66846,610.3,35,611.65,70,140,70
2025-08-01 12:43:08,NSE_FO|66846,610.3,35,610.55,70,35,70
2025-08-01 12:43:09,NSE_FO|66846,612.15,105,610.55,70,35,70
2025-08-01 12:43:09,NSE_FO|66846,614.6,35,613.3,70,70,70
2025-08-01 12:43:10,NSE_FO|66846,614.75,35,613.3,70,70,70
2025-08-01 12:43:11,NSE_FO|66846,613.75,35,613.3,70,70,70
2025-08-01 12:43:11,NSE_FO|66846,615.4,35,615.35,35,35,35
2025-08-01 12:43:12,NSE_FO|66846,615.4,35,615.35,35,35,35
2025-08-01 12:43:13,NSE_FO|66846,615.3,35,615.35,35,35,35
2025-08-01 12:43:13,NSE_FO|66846,615.3,35,615.45,70,70,70
2025-08-01 12:43:14,NSE_FO|66846,615.65,35,614.75,70,35,70
2025-08-01 12:43:15,NSE_FO|66846,616.45,35,615.1,70,105,70
2025-08-01 12:43:17,NSE_FO|66846,615.95,70,615.1,70,105,70
2025-08-01 12:43:18,NSE_FO|66846,615.3,70,614.65,70,140,70
2025-08-01 12:43:19,NSE_FO|66846,614.95,35,614.65,70,140,70
2025-08-01 12:43:19,NSE_FO|66846,614.95,35,615.45,35,70,35
2025-08-01 12:43:20,NSE_FO|66846,617.25,35,615.45,35,70,35
2025-08-01 12:43:20,NSE_FO|66846,617.25,35,615.45,35,70,35
2025-08-01 12:43:20,NSE_FO|66846,614.55,35,614.35,105,70,105
2025-08-01 12:43:21,NSE_FO|66846,614.7,35,614.35,105,70,105
2025-08-01 12:43:22,NSE_FO|66846,615.95,35,615.75,70,210,70
2025-08-01 12:43:22,NSE_FO|66846,617.35,35,615.75,70,210,70
2025-08-01 12:43:23,NSE_FO|66846,616.15,35,615.75,70,210,70
2025-08-01 12:43:24,NSE_FO|66846,619.1,35,615.75,70,210,70
2025-08-01 12:43:25,NSE_FO|66846,617.15,35,616.8,105,70,105
2025-08-01 12:43:26,NSE_FO|66846,618.95,35,616.8,105,70,105
2025-08-01 12:43:26,NSE_FO|66846,617.45,35,617.75,70,105,70
2025-08-01 12:43:27,NSE_FO|66846,619.65,35,617.75,70,105,70
2025-08-01 12:43:28,NSE_FO|66846,620.0,35,618.45,665,105,665
2025-08-01 12:43:29,NSE_FO|66846,619.6,35,618.45,665,105,665
2025-08-01 12:43:29,NSE_FO|66846,618.05,35,618.0,70,210,70
2025-08-01 12:43:30,NSE_FO|66846,617.8,35,618.0,70,210,70
2025-08-01 12:43:30,NSE_FO|66846,618.95,35,618.3,700,35,700
2025-08-01 12:43:31,NSE_FO|66846,621.4,70,618.3,700,35,700
2025-08-01 12:43:32,NSE_FO|66846,619.85,35,619.55,70,105,70
2025-08-01 12:43:32,NSE_FO|66846,621.5,35,619.55,70,105,70
2025-08-01 12:43:33,NSE_FO|66846,620.75,35,620.0,70,315,70
2025-08-01 12:43:34,NSE_FO|66846,621.9,35,620.0,70,315,70
2025-08-01 12:43:34,NSE_FO|66846,621.5,70,621.25,70,140,70
2025-08-01 12:43:35,NSE_FO|66846,621.8,35,621.45,70,35,70
2025-08-01 12:43:36,NSE_FO|66846,621.3,35,621.45,70,35,70
2025-08-01 12:43:37,NSE_FO|66846,614.3,35,614.1,70,70,70
2025-08-01 12:43:38,NSE_FO|66846,614.95,35,614.1,70,70,70
2025-08-01 12:43:39,NSE_FO|66846,614.15,35,614.1,70,70,70
2025-08-01 12:43:39,NSE_FO|66846,614.15,35,615.3,35,70,35
2025-08-01 12:43:40,NSE_FO|66846,614.9,35,615.3,35,70,35
2025-08-01 12:43:40,NSE_FO|66846,615.65,35,616.45,70,70,70
2025-08-01 12:43:41,NSE_FO|66846,615.65,35,616.45,70,70,70
2025-08-01 12:43:41,NSE_FO|66846,615.7,35,615.9,70,35,70
2025-08-01 12:43:42,NSE_FO|66846,615.7,35,615.9,70,35,70
2025-08-01 12:43:43,NSE_FO|66846,617.25,35,615.9,70,35,70
2025-08-01 12:43:43,NSE_FO|66846,617.25,35,616.35,70,70,70
2025-08-01 12:43:44,NSE_FO|66846,618.45,35,616.35,70,70,70
2025-08-01 12:43:44,NSE_FO|66846,618.45,35,617.95,140,70,140
2025-08-01 12:43:45,NSE_FO|66846,620.0,70,617.95,140,70,140
2025-08-01 12:43:45,NSE_FO|66846,619.15,35,617.9,35,70,35
2025-08-01 12:43:46,NSE_FO|66846,617.3,35,617.9,35,70,35
2025-08-01 12:43:47,NSE_FO|66846,618.35,35,618.5,70,70,70
2025-08-01 12:43:47,NSE_FO|66846,618.35,35,618.5,70,70,70
2025-08-01 12:43:48,NSE_FO|66846,619.7,35,618.5,70,70,70
2025-08-01 12:43:48,NSE_FO|66846,618.0,35,618.0,70,70,70
2025-08-01 12:43:50,NSE_FO|66846,616.5,35,618.0,70,70,70
2025-08-01 12:43:50,NSE_FO|66846,616.5,35,618.0,70,70,70
2025-08-01 12:43:50,NSE_FO|66846,618.45,35,616.9,105,70,105
2025-08-01 12:43:52,NSE_FO|66846,611.2,35,616.9,105,70,105
2025-08-01 12:43:53,NSE_FO|66846,611.8,35,611.95,35,140,35
2025-08-01 12:43:54,NSE_FO|66846,610.65,35,611.95,35,140,35
2025-08-01 12:43:54,NSE_FO|66846,610.8,35,611.0,70,210,70
2025-08-01 12:43:55,NSE_FO|66846,610.4,35,611.0,70,210,70
2025-08-01 12:43:55,NSE_FO|66846,611.4,35,610.95,70,70,70
2025-08-01 12:43:56,NSE_FO|66846,612.5,35,610.95,70,70,70
2025-08-01 12:43:57,NSE_FO|66846,610.0,35,608.85,70,35,70
2025-08-01 12:43:57,NSE_FO|66846,608.75,35,608.85,70,35,70
2025-08-01 12:43:58,NSE_FO|66846,607.9,35,608.85,70,35,70
2025-08-01 12:43:58,NSE_FO|66846,607.9,35,606.55,70,70,70
2025-08-01 12:43:59,NSE_FO|66846,606.3,35,606.55,70,70,70
2025-08-01 12:43:59,NSE_FO|66846,606.3,35,605.05,105,35,105
2025-08-01 12:44:00,NSE_FO|66846,604.3,35,605.05,105,35,105
2025-08-01 12:44:00,NSE_FO|66846,603.85,35,603.6,35,35,35
2025-08-01 12:44:01,NSE_FO|66846,604.1,70,603.6,35,35,35
2025-08-01 12:44:02,NSE_FO|66846,604.05,35,603.6,35,35,35
2025-08-01 12:44:03,NSE_FO|66846,604.45,35,603.6,35,35,35
2025-08-01 12:44:04,NSE_FO|66846,602.6,35,603.6,35,35,35
2025-08-01 12:44:04,NSE_FO|66846,603.45,35,601.9,70,105,70
2025-08-01 12:44:05,NSE_FO|66846,602.45,35,601.0,35,210,35
2025-08-01 12:44:06,NSE_FO|66846,600.5,35,601.0,35,210,35
2025-08-01 12:44:08,NSE_FO|66846,600.0,70,601.0,35,210,35
2025-08-01 12:44:09,NSE_FO|66846,600.25,35,600.0,70,140,70
2025-08-01 12:44:10,NSE_FO|66846,600.8,35,600.0,70,140,70
2025-08-01 12:44:10,NSE_FO|66846,602.35,35,602.5,140,70,140
2025-08-01 12:44:11,NSE_FO|66846,603.4,35,602.5,140,70,140
2025-08-01 12:44:11,NSE_FO|66846,604.35,35,602.3,105,140,105
2025-08-01 12:44:12,NSE_FO|66846,603.65,35,602.3,105,140,105
2025-08-01 12:44:13,NSE_FO|66846,603.8,35,602.7,70,140,70
2025-08-01 12:44:13,NSE_FO|66846,603.8,35,602.7,70,140,70
2025-08-01 12:44:14,NSE_FO|66846,602.85,35,601.05,35,70,35
2025-08-01 12:44:15,NSE_FO|66846,601.55,35,601.05,35,70,35
2025-08-01 12:44:16,NSE_FO|66846,601.8,35,601.05,35,70,35
2025-08-01 12:44:16,NSE_FO|66846,601.6,35,601.2,70,140,70
2025-08-01 12:44:17,NSE_FO|66846,601.6,35,601.2,70,140,70
2025-08-01 12:44:18,NSE_FO|66846,603.15,35,601.55,70,140,70
2025-08-01 12:44:18,NSE_FO|66846,603.15,35,601.55,70,140,70
2025-08-01 12:44:19,NSE_FO|66846,605.0,35,601.55,70,140,70
2025-08-01 12:44:19,NSE_FO|66846,605.0,35,604.7,70,70,70
2025-08-01 12:44:20,NSE_FO|66846,604.25,35,604.7,70,70,70
2025-08-01 12:44:20,NSE_FO|66846,604.25,35,604.7,70,70,70
2025-08-01 12:44:20,NSE_FO|66846,604.25,35,603.85,140,70,140
2025-08-01 12:44:21,NSE_FO|66846,603.25,35,603.85,140,70,140
2025-08-01 12:44:21,NSE_FO|66846,603.95,35,603.35,105,70,105
2025-08-01 12:44:22,NSE_FO|66846,603.95,35,603.35,105,70,105
2025-08-01 12:44:23,NSE_FO|66846,603.0,35,602.3,70,35,70
2025-08-01 12:44:23,NSE_FO|66846,603.0,35,602.3,70,35,70
2025-08-01 12:44:25,NSE_FO|66846,609.3,35,607.6,35,105,35
2025-08-01 12:44:26,NSE_FO|66846,608.95,35,607.6,35,105,35
2025-08-01 12:44:26,NSE_FO|66846,608.95,35,605.9,35,70,35
2025-08-01 12:44:27,NSE_FO|66846,608.0,35,605.9,35,70,35
2025-08-01 12:44:28,NSE_FO|66846,606.55,35,604.75,140,140,140
2025-08-01 12:44:29,NSE_FO|66846,606.55,35,606.45,70,70,70
2025-08-01 12:44:30,NSE_FO|66846,606.55,35,606.15,105,70,105
2025-08-01 12:44:30,NSE_FO|66846,607.85,35,606.15,105,70,105
2025-08-01 12:44:31,NSE_FO|66846,606.35,70,606.15,105,70,105
2025-08-01 12:44:31,NSE_FO|66846,606.35,70,605.9,105,35,105
2025-08-01 12:44:33,NSE_FO|66846,606.35,70,607.45,35,70,35
2025-08-01 12:44:33,NSE_FO|66846,608.85,35,607.45,35,70,35
2025-08-01 12:44:34,NSE_FO|66846,608.55,35,607.45,35,70,35
2025-08-01 12:44:34,NSE_FO|66846,607.0,35,607.15,35,105,35
2025-08-01 12:44:35,NSE_FO|66846,608.65,35,607.15,35,105,35
2025-08-01 12:44:35,NSE_FO|66846,608.65,35,606.95,70,70,70
2025-08-01 12:44:36,NSE_FO|66846,608.2,35,606.95,70,70,70
2025-08-01 12:44:36,NSE_FO|66846,608.2,35,606.55,140,35,140
2025-08-01 12:44:37,NSE_FO|66846,606.55,35,606.55,140,35,140
2025-08-01 12:44:38,NSE_FO|66846,606.4,35,606.45,105,70,105
2025-08-01 12:44:38,NSE_FO|66846,606.35,35,606.45,105,70,105
2025-08-01 12:44:39,NSE_FO|66846,606.35,35,604.55,70,105,70
2025-08-01 12:44:40,NSE_FO|66846,606.35,35,604.8,35,70,35
2025-08-01 12:44:40,NSE_FO|66846,607.1,35,604.8,35,70,35
2025-08-01 12:44:41,NSE_FO|66846,604.6,35,604.8,35,70,35
2025-08-01 12:44:41,NSE_FO|66846,603.0,35,602.0,35,35,35
2025-08-01 12:44:42,NSE_FO|66846,603.0,35,602.0,35,35,35
2025-08-01 12:44:43,NSE_FO|66846,603.0,35,603.95,105,35,105
2025-08-01 12:44:43,NSE_FO|66846,605.05,70,603.95,105,35,105
2025-08-01 12:44:44,NSE_FO|66846,607.0,35,604.85,35,70,35
2025-08-01 12:44:45,NSE_FO|66846,604.25,35,604.85,35,70,35
2025-08-01 12:44:46,NSE_FO|66846,605.8,35,604.85,35,70,35
2025-08-01 12:44:46,NSE_FO|66846,604.45,35,603.95,105,35,105
2025-08-01 12:44:47,NSE_FO|66846,603.95,35,603.95,105,35,105
2025-08-01 12:44:48,NSE_FO|66846,603.95,35,603.25,70,140,70
2025-08-01 12:44:48,NSE_FO|66846,602.65,35,603.25,70,140,70
2025-08-01 12:44:49,NSE_FO|66846,602.65,35,605.0,35,245,35
2025-08-01 12:44:49,NSE_FO|66846,604.6,35,605.0,35,245,35
2025-08-01 12:44:50,NSE_FO|66846,604.6,35,605.0,35,245,35
2025-08-01 12:44:50,NSE_FO|66846,604.6,35,603.05,70,70,70
2025-08-01 12:44:51,NSE_FO|66846,604.6,35,605.05,70,70,70
2025-08-01 12:44:52,NSE_FO|66846,605.8,35,605.05,70,70,70
2025-08-01 12:44:52,NSE_FO|66846,607.4,35,605.05,70,70,70
2025-08-01 12:44:52,NSE_FO|66846,607.4,35,607.15,70,35,70
2025-08-01 12:44:54,NSE_FO|66846,607.8,35,607.4,35,70,35
2025-08-01 12:44:54,NSE_FO|66846,607.25,35,607.4,35,70,35
2025-08-01 12:44:55,NSE_FO|66846,607.55,35,606.85,105,70,105
2025-08-01 12:44:56,NSE_FO|66846,607.6,35,606.45,70,70,70
2025-08-01 12:44:58,NSE_FO|66846,607.35,35,607.45,35,35,35
2025-08-01 12:44:58,NSE_FO|66846,607.3,35,607.45,35,35,35
2025-08-01 12:44:59,NSE_FO|66846,607.3,35,605.65,70,35,70
2025-08-01 12:45:00,NSE_FO|66846,605.0,35,604.8,35,35,35
2025-08-01 12:45:01,NSE_FO|66846,606.95,35,604.8,35,35,35
2025-08-01 12:45:01,NSE_FO|66846,606.95,35,605.75,35,35,35
2025-08-01 12:45:02,NSE_FO|66846,610.0,70,605.75,35,35,35
2025-08-01 12:45:02,NSE_FO|66846,610.25,35,607.3,35,140,35
2025-08-01 12:45:03,NSE_FO|66846,610.25,35,607.3,35,140,35
2025-08-01 12:45:04,NSE_FO|66846,607.75,35,607.3,35,140,35
2025-08-01 12:45:05,NSE_FO|66846,609.6,35,607.3,35,140,35
2025-08-01 12:45:06,NSE_FO|66846,608.85,35,607.3,35,140,35
2025-08-01 12:45:06,NSE_FO|66846,608.85,35,606.95,35,210,35
2025-08-01 12:45:07,NSE_FO|66846,606.9,105,606.95,35,210,35
2025-08-01 12:45:08,NSE_FO|66846,607.3,35,606.95,35,210,35
2025-08-01 12:45:09,NSE_FO|66846,607.85,35,606.1,35,70,35
2025-08-01 12:45:09,NSE_FO|66846,607.85,35,606.1,35,70,35
2025-08-01 12:45:10,NSE_FO|66846,605.3,35,606.1,35,70,35
