timestamp,instrument,ltp,ltq,bid_price,ask_price,bid_qty,ask_qty
2025-08-01 11:45:52,BSE_FO|840326,195.25,20,195.05,195.35,120,80
2025-08-01 11:45:53,BSE_FO|840326,194.25,20,193.7,194.15,120,40
2025-08-01 11:45:54,BSE_FO|840326,194.8,80,195.0,195.25,100,20
2025-08-01 11:45:55,BSE_FO|840326,195.5,160,195.0,195.5,180,240
2025-08-01 11:45:56,BSE_FO|840326,195.45,120,194.8,195.45,20,240
2025-08-01 11:45:56,BSE_FO|840326,195.45,120,194.95,195.45,100,140
2025-08-01 11:45:57,BSE_FO|840326,193.75,20,193.15,193.7,80,60
2025-08-01 11:45:58,BSE_FO|840326,193.7,60,193.15,193.7,60,100
2025-08-01 11:45:59,BSE_FO|840326,193.05,40,192.4,192.9,20,180
2025-08-01 11:46:00,BSE_FO|840326,192.9,20,192.9,193.35,120,60
2025-08-01 11:46:01,BSE_FO|840326,192.3,40,192.25,192.75,140,20
2025-08-01 11:46:01,BSE_FO|840326,192.3,40,192.15,192.7,200,40
2025-08-01 11:46:02,BSE_FO|840326,193.75,20,193.4,193.75,160,40
2025-08-01 11:46:02,BSE_FO|840326,193.75,20,193.4,193.75,140,20
2025-08-01 11:46:03,BSE_FO|840326,193.2,20,193.05,193.5,20,100
2025-08-01 11:46:03,BSE_FO|840326,193.2,20,193.05,193.5,60,80
2025-08-01 11:46:04,BSE_FO|840326,193.25,20,192.7,193.2,560,120
2025-08-01 11:46:04,BSE_FO|840326,192.55,20,192.4,192.9,140,120
2025-08-01 11:46:05,BSE_FO|840326,193.3,20,193.0,193.35,260,20
2025-08-01 11:46:07,BSE_FO|840326,193.75,60,193.0,193.6,120,60
2025-08-01 11:46:08,BSE_FO|840326,193.7,100,193.95,194.2,80,20
2025-08-01 11:46:09,BSE_FO|840326,194.8,20,193.95,194.5,40,40
2025-08-01 11:46:09,BSE_FO|840326,194.8,20,193.8,194.35,140,60
2025-08-01 11:46:10,BSE_FO|840326,194.9,20,194.35,194.85,80,80
2025-08-01 11:46:10,BSE_FO|840326,194.9,20,194.25,194.75,80,60
2025-08-01 11:46:11,BSE_FO|840326,194.5,20,193.75,194.3,140,60
2025-08-01 11:46:12,BSE_FO|840326,194.4,20,193.7,194.2,180,20
2025-08-01 11:46:13,BSE_FO|840326,194.5,280,194.0,194.4,20,100
2025-08-01 11:46:14,BSE_FO|840326,194.1,20,193.7,194.2,240,20
2025-08-01 11:46:15,BSE_FO|840326,194.2,20,193.7,194.2,100,160
2025-08-01 11:46:16,BSE_FO|840326,193.9,80,193.35,193.9,160,40
2025-08-01 11:46:17,BSE_FO|840326,194.05,20,193.7,194.2,120,40
2025-08-01 11:46:18,BSE_FO|840326,194.2,40,194.1,194.45,260,20
2025-08-01 11:46:19,BSE_FO|840326,194.9,20,194.8,195.35,60,60
2025-08-01 11:46:20,BSE_FO|840326,195.25,20,194.55,195.05,120,20
2025-08-01 11:46:22,BSE_FO|840326,195.8,20,195.4,195.85,100,120
2025-08-01 11:46:22,BSE_FO|840326,195.8,20,195.4,195.85,60,20
2025-08-01 11:46:23,BSE_FO|840326,196.0,20,195.2,195.75,400,40
2025-08-01 11:46:23,BSE_FO|840326,196.0,20,195.4,195.8,40,20
2025-08-01 11:46:24,BSE_FO|840326,195.75,20,195.2,195.7,100,20
2025-08-01 11:46:25,BSE_FO|840326,194.85,40,194.4,194.85,60,80
2025-08-01 11:46:26,BSE_FO|840326,195.15,40,194.85,195.2,40,40
2025-08-01 11:46:26,BSE_FO|840326,195.15,40,194.85,195.2,40,220
2025-08-01 11:46:27,BSE_FO|840326,194.9,40,195.0,195.35,40,40
2025-08-01 11:46:28,BSE_FO|840326,195.9,20,195.4,195.95,120,20
2025-08-01 11:46:28,BSE_FO|840326,195.9,20,195.4,195.95,160,40
2025-08-01 11:46:29,BSE_FO|840326,195.7,20,195.4,195.75,40,20
2025-08-01 11:46:30,BSE_FO|840326,194.3,100,194.5,195.0,60,60
2025-08-01 11:46:30,BSE_FO|840326,194.3,100,194.4,194.9,120,40
2025-08-01 11:46:31,BSE_FO|840326,194.9,80,194.8,195.3,200,20
2025-08-01 11:46:31,BSE_FO|840326,194.9,80,194.85,195.35,220,60
2025-08-01 11:46:32,BSE_FO|840326,196.0,260,195.6,196.1,20,40
2025-08-01 11:46:33,BSE_FO|840326,197.8,20,197.25,197.7,100,20
2025-08-01 11:46:35,BSE_FO|840326,197.05,20,197.0,197.55,220,20
2025-08-01 11:46:35,BSE_FO|840326,198.0,120,196.85,197.3,300,40
2025-08-01 11:46:37,BSE_FO|840326,197.3,20,197.15,197.5,100,140
2025-08-01 11:46:37,BSE_FO|840326,197.3,20,197.0,197.5,380,80
2025-08-01 11:46:38,BSE_FO|840326,198.0,20,197.9,198.35,200,60
2025-08-01 11:46:39,BSE_FO|840326,198.05,160,198.05,198.4,260,80
2025-08-01 11:46:39,BSE_FO|840326,198.05,160,198.1,198.4,280,80
2025-08-01 11:46:40,BSE_FO|840326,197.95,20,197.45,197.85,80,40
2025-08-01 11:46:41,BSE_FO|840326,197.95,40,197.95,198.3,140,60
2025-08-01 11:46:42,BSE_FO|840326,197.7,20,197.9,198.4,200,60
2025-08-01 11:46:43,BSE_FO|840326,198.5,20,198.15,198.45,40,20
2025-08-01 11:46:43,BSE_FO|840326,198.45,20,198.2,198.65,40,60
2025-08-01 11:46:44,BSE_FO|840326,197.4,20,197.2,197.65,20,20
2025-08-01 11:46:44,BSE_FO|840326,197.4,20,197.25,197.75,80,40
2025-08-01 11:46:45,BSE_FO|840326,197.45,20,196.95,197.35,160,20
2025-08-01 11:46:45,BSE_FO|840326,196.9,20,196.45,196.9,40,60
2025-08-01 11:46:46,BSE_FO|840326,198.55,20,198.0,198.5,40,100
2025-08-01 11:46:47,BSE_FO|840326,198.3,20,198.1,198.55,40,120
2025-08-01 11:46:48,BSE_FO|840326,197.7,100,197.45,198.0,60,140
2025-08-01 11:46:49,BSE_FO|840326,198.0,20,197.85,198.35,40,80
2025-08-01 11:46:51,BSE_FO|840326,198.45,20,198.4,198.85,180,140
2025-08-01 11:46:52,BSE_FO|840326,197.7,60,197.8,198.2,80,60
2025-08-01 11:46:52,BSE_FO|840326,197.85,40,197.75,198.2,60,20
2025-08-01 11:46:53,BSE_FO|840326,198.25,20,197.8,198.0,60,100
2025-08-01 11:46:53,BSE_FO|840326,198.25,20,197.55,198.0,60,120
2025-08-01 11:46:54,BSE_FO|840326,197.7,60,197.35,197.75,60,40
2025-08-01 11:46:55,BSE_FO|840326,197.7,40,197.3,197.8,140,60
2025-08-01 11:46:56,BSE_FO|840326,197.75,20,197.1,197.7,280,80
2025-08-01 11:46:57,BSE_FO|840326,197.4,20,197.2,197.75,120,40
2025-08-01 11:46:57,BSE_FO|840326,197.4,20,197.3,197.75,60,40
2025-08-01 11:46:58,BSE_FO|840326,197.7,40,197.75,197.95,400,60
2025-08-01 11:46:58,BSE_FO|840326,198.15,20,198.1,198.45,60,40
2025-08-01 11:46:59,BSE_FO|840326,198.65,20,198.6,198.9,20,20
2025-08-01 11:47:00,BSE_FO|840326,198.7,20,198.3,198.7,40,20
2025-08-01 11:47:01,BSE_FO|840326,198.05,20,198.05,198.45,60,20
2025-08-01 11:47:02,BSE_FO|840326,198.3,20,198.6,198.95,40,20
2025-08-01 11:47:03,BSE_FO|840326,198.7,140,198.6,199.1,20,60
2025-08-01 11:47:04,BSE_FO|840326,198.7,140,198.7,199.05,160,20
2025-08-01 11:47:04,BSE_FO|840326,199.0,20,198.75,199.2,60,100
2025-08-01 11:47:05,BSE_FO|840326,199.0,20,198.55,199.05,140,40
2025-08-01 11:47:06,BSE_FO|840326,199.55,20,199.0,199.5,60,80
2025-08-01 11:47:07,BSE_FO|840326,199.7,80,199.2,199.55,40,20
2025-08-01 11:47:08,BSE_FO|840326,198.9,100,198.0,198.55,20,60
2025-08-01 11:47:09,BSE_FO|840326,198.85,20,198.1,198.6,80,60
2025-08-01 11:47:10,BSE_FO|840326,198.75,40,198.75,199.2,40,20
2025-08-01 11:47:11,BSE_FO|840326,199.4,80,199.3,199.65,180,20
2025-08-01 11:47:11,BSE_FO|840326,199.4,80,199.25,199.65,140,40
2025-08-01 11:47:12,BSE_FO|840326,199.1,120,198.5,199.1,200,160
2025-08-01 11:47:12,BSE_FO|840326,199.1,120,198.65,199.1,100,20
2025-08-01 11:47:13,BSE_FO|840326,199.5,20,198.4,198.9,120,40
2025-08-01 11:47:13,BSE_FO|840326,199.5,20,198.45,198.95,100,20
2025-08-01 11:47:14,BSE_FO|840326,199.0,340,199.45,200.0,60,640
2025-08-01 11:47:15,BSE_FO|840326,199.45,20,199.05,199.25,320,80
2025-08-01 11:47:16,BSE_FO|840326,201.0,20,200.55,201.0,100,340
2025-08-01 11:47:17,BSE_FO|840326,201.35,20,201.3,201.85,180,80
2025-08-01 11:47:18,BSE_FO|840326,200.55,20,200.15,200.65,120,120
2025-08-01 11:47:19,BSE_FO|840326,200.55,20,200.15,200.65,160,40
2025-08-01 11:47:20,BSE_FO|840326,199.9,60,199.8,200.25,120,60
2025-08-01 11:47:21,BSE_FO|840326,199.9,20,199.9,200.35,80,40
2025-08-01 11:47:22,BSE_FO|840326,200.2,20,199.65,200.15,60,60
2025-08-01 11:47:23,BSE_FO|840326,199.8,160,199.85,200.35,240,80
2025-08-01 11:47:24,BSE_FO|840326,200.2,80,200.35,200.7,20,40
2025-08-01 11:47:24,BSE_FO|840326,200.2,80,200.35,200.7,20,20
2025-08-01 11:47:25,BSE_FO|840326,200.2,40,199.9,200.25,100,100
2025-08-01 11:47:25,BSE_FO|840326,200.2,40,199.9,200.25,120,20
2025-08-01 11:47:26,BSE_FO|840326,199.9,20,199.45,199.8,200,20
2025-08-01 11:47:27,BSE_FO|840326,199.55,40,199.5,199.95,60,40
2025-08-01 11:47:28,BSE_FO|840326,200.0,20,199.2,199.75,180,220
2025-08-01 11:47:29,BSE_FO|840326,199.75,20,199.4,199.85,20,40
2025-08-01 11:47:30,BSE_FO|840326,199.45,20,199.0,199.4,120,20
2025-08-01 11:47:31,BSE_FO|840326,199.85,20,199.7,200.15,80,60
2025-08-01 11:47:31,BSE_FO|840326,200.2,40,199.75,200.25,40,20
2025-08-01 11:47:32,BSE_FO|840326,199.9,20,199.15,199.8,40,240
2025-08-01 11:47:34,BSE_FO|840326,199.4,40,199.15,199.45,140,20
2025-08-01 11:47:35,BSE_FO|840326,200.3,40,200.05,200.35,40,20
2025-08-01 11:47:36,BSE_FO|840326,200.25,20,200.3,200.85,60,120
2025-08-01 11:47:37,BSE_FO|840326,200.5,20,199.9,200.3,60,20
2025-08-01 11:47:37,BSE_FO|840326,200.5,20,200.0,200.3,180,20
2025-08-01 11:47:38,BSE_FO|840326,200.0,80,199.5,200.0,180,240
2025-08-01 11:47:38,BSE_FO|840326,199.9,20,199.55,200.0,20,100
2025-08-01 11:47:39,BSE_FO|840326,199.9,40,199.65,199.9,20,20
2025-08-01 11:47:39,BSE_FO|840326,199.9,40,199.45,199.9,40,200
2025-08-01 11:47:40,BSE_FO|840326,199.45,40,199.45,199.8,120,20
2025-08-01 11:47:40,BSE_FO|840326,199.45,40,199.4,199.8,140,20
2025-08-01 11:47:41,BSE_FO|840326,198.6,20,198.45,198.95,60,40
2025-08-01 11:47:42,BSE_FO|840326,200.1,20,199.65,200.05,60,20
2025-08-01 11:47:43,BSE_FO|840326,198.65,40,198.15,198.65,200,60
2025-08-01 11:47:44,BSE_FO|840326,198.35,20,198.45,198.75,20,20
2025-08-01 11:47:45,BSE_FO|840326,200.8,40,200.75,201.15,320,120
2025-08-01 11:47:45,BSE_FO|840326,200.5,120,200.45,200.8,80,20
2025-08-01 11:47:46,BSE_FO|840326,201.2,20,200.7,201.0,120,140
2025-08-01 11:47:46,BSE_FO|840326,201.2,20,200.55,200.95,80,160
2025-08-01 11:47:47,BSE_FO|840326,200.35,20,200.3,200.7,40,40
2025-08-01 11:47:49,BSE_FO|840326,200.15,20,199.95,200.45,220,140
2025-08-01 11:47:50,BSE_FO|840326,200.5,60,200.05,200.55,60,120
2025-08-01 11:47:51,BSE_FO|840326,199.0,20,198.95,199.5,120,300
2025-08-01 11:47:52,BSE_FO|840326,199.4,340,199.8,200.15,200,20
2025-08-01 11:47:52,BSE_FO|840326,199.4,340,199.75,200.15,120,40
2025-08-01 11:47:53,BSE_FO|840326,200.75,80,200.6,201.0,220,460
2025-08-01 11:47:54,BSE_FO|840326,200.7,20,200.7,201.0,60,20
2025-08-01 11:47:55,BSE_FO|840326,201.15,40,200.5,201.0,220,200
2025-08-01 11:47:56,BSE_FO|840326,198.35,40,198.4,199.0,80,300
2025-08-01 11:47:57,BSE_FO|840326,199.0,20,198.6,199.1,200,80
2025-08-01 11:47:58,BSE_FO|840326,198.6,20,198.45,198.85,180,20
2025-08-01 11:47:59,BSE_FO|840326,199.15,20,199.0,199.4,20,40
2025-08-01 11:47:59,BSE_FO|840326,199.5,20,198.7,199.25,120,40
2025-08-01 11:48:00,BSE_FO|840326,200.45,20,199.7,200.25,300,40
2025-08-01 11:48:01,BSE_FO|840326,200.4,20,200.1,200.5,60,20
2025-08-01 11:48:02,BSE_FO|840326,199.55,20,199.1,199.7,20,100
2025-08-01 11:48:04,BSE_FO|840326,199.75,40,199.45,199.85,80,120
2025-08-01 11:48:04,BSE_FO|840326,199.75,40,199.55,200.0,60,300
2025-08-01 11:48:05,BSE_FO|840326,200.85,20,200.4,200.85,120,140
2025-08-01 11:48:05,BSE_FO|840326,200.85,20,200.3,200.8,60,40
2025-08-01 11:48:06,BSE_FO|840326,200.1,20,199.95,200.45,40,100
2025-08-01 11:48:06,BSE_FO|840326,200.6,140,200.05,200.6,80,80
2025-08-01 11:48:07,BSE_FO|840326,200.2,20,199.75,200.1,40,20
2025-08-01 11:48:07,BSE_FO|840326,200.2,20,199.75,200.1,20,20
2025-08-01 11:48:08,BSE_FO|840326,200.1,20,200.25,200.6,120,20
2025-08-01 11:48:08,BSE_FO|840326,200.6,20,200.3,200.7,40,20
2025-08-01 11:48:09,BSE_FO|840326,200.6,20,200.6,201.1,80,80
2025-08-01 11:48:10,BSE_FO|840326,201.15,40,200.7,201.05,20,40
2025-08-01 11:48:11,BSE_FO|840326,200.0,20,200.35,200.65,40,20
2025-08-01 11:48:11,BSE_FO|840326,200.0,20,200.35,200.65,20,140
2025-08-01 11:48:12,BSE_FO|840326,200.45,20,200.45,200.75,180,20
2025-08-01 11:48:12,BSE_FO|840326,200.45,20,200.5,200.75,60,20
2025-08-01 11:48:13,BSE_FO|840326,200.3,160,200.45,200.9,60,40
2025-08-01 11:48:13,BSE_FO|840326,200.3,160,200.4,200.85,40,40
2025-08-01 11:48:14,BSE_FO|840326,200.35,20,200.1,200.5,40,20
2025-08-01 11:48:14,BSE_FO|840326,200.35,20,200.1,200.5,40,260
2025-08-01 11:48:15,BSE_FO|840326,199.9,180,199.45,199.95,40,20
2025-08-01 11:48:16,BSE_FO|840326,199.65,20,199.95,200.25,20,20
2025-08-01 11:48:17,BSE_FO|840326,199.85,40,200.05,200.4,20,20
2025-08-01 11:48:19,BSE_FO|840326,200.1,20,200.1,200.45,20,200
2025-08-01 11:48:19,BSE_FO|840326,200.1,20,200.1,200.4,20,60
2025-08-01 11:48:20,BSE_FO|840326,199.65,20,199.45,199.9,60,40
2025-08-01 11:48:21,BSE_FO|840326,200.25,20,199.8,200.2,20,80
2025-08-01 11:48:21,BSE_FO|840326,200.2,20,199.45,200.0,40,120
2025-08-01 11:48:22,BSE_FO|840326,199.7,20,199.45,199.9,180,40
2025-08-01 11:48:24,BSE_FO|840326,199.55,20,199.55,200.05,60,100
2025-08-01 11:48:25,BSE_FO|840326,200.85,20,200.5,200.9,20,40
2025-08-01 11:48:26,BSE_FO|840326,202.35,20,202.0,202.45,160,60
2025-08-01 11:48:26,BSE_FO|840326,202.35,20,201.95,202.25,20,40
2025-08-01 11:48:27,BSE_FO|840326,202.35,40,202.25,202.65,20,60
2025-08-01 11:48:27,BSE_FO|840326,202.35,40,202.25,202.7,20,60
2025-08-01 11:48:28,BSE_FO|840326,202.55,20,202.7,203.0,20,60
2025-08-01 11:48:29,BSE_FO|840326,203.4,20,203.0,203.45,100,20
2025-08-01 11:48:30,BSE_FO|840326,204.85,20,204.6,205.0,80,20
2025-08-01 11:48:31,BSE_FO|840326,204.75,20,204.7,205.25,100,80
2025-08-01 11:48:32,BSE_FO|840326,203.75,20,203.6,203.75,60,20
2025-08-01 11:48:33,BSE_FO|840326,203.65,20,203.6,203.75,40,20
2025-08-01 11:48:34,BSE_FO|840326,202.85,40,202.65,202.9,40,20
2025-08-01 11:48:34,BSE_FO|840326,202.85,40,202.65,202.9,60,20
2025-08-01 11:48:35,BSE_FO|840326,202.85,20,202.9,203.15,20,80
2025-08-01 11:48:35,BSE_FO|840326,202.9,20,202.4,202.9,60,80
2025-08-01 11:48:36,BSE_FO|840326,202.55,20,202.5,202.95,40,60
2025-08-01 11:48:36,BSE_FO|840326,202.55,20,202.5,203.0,120,240
2025-08-01 11:48:37,BSE_FO|840326,202.75,40,202.3,202.8,200,80
2025-08-01 11:48:38,BSE_FO|840326,202.2,20,201.75,202.25,40,40
2025-08-01 11:48:39,BSE_FO|840326,201.15,180,201.4,201.9,120,120
2025-08-01 11:48:40,BSE_FO|840326,201.6,20,201.15,201.6,40,180
2025-08-01 11:48:40,BSE_FO|840326,201.9,120,201.35,201.9,120,20
2025-08-01 11:48:41,BSE_FO|840326,201.2,20,200.85,201.15,40,20
2025-08-01 11:48:41,BSE_FO|840326,201.2,20,200.85,201.15,20,40
2025-08-01 11:48:42,BSE_FO|840326,202.5,80,202.25,202.7,20,40
2025-08-01 11:48:43,BSE_FO|840326,202.8,20,202.45,202.95,40,60
2025-08-01 11:48:44,BSE_FO|840326,204.0,40,203.35,203.8,40,220
2025-08-01 11:48:45,BSE_FO|840326,202.95,20,202.6,202.95,20,120
2025-08-01 11:48:46,BSE_FO|840326,203.35,20,202.8,203.15,20,60
2025-08-01 11:48:47,BSE_FO|840326,203.35,20,202.8,203.3,20,160
2025-08-01 11:48:48,BSE_FO|840326,202.3,60,202.5,202.9,40,20
2025-08-01 11:48:49,BSE_FO|840326,203.4,100,203.0,203.4,120,80
2025-08-01 11:48:49,BSE_FO|840326,202.35,40,202.3,202.85,40,40
2025-08-01 11:48:50,BSE_FO|840326,203.25,20,203.2,203.6,380,20
2025-08-01 11:48:51,BSE_FO|840326,203.85,40,203.15,203.7,120,100
2025-08-01 11:48:52,BSE_FO|840326,203.4,100,203.15,203.4,40,20
2025-08-01 11:48:53,BSE_FO|840326,202.7,40,202.75,203.15,100,20
2025-08-01 11:48:54,BSE_FO|840326,204.3,100,203.75,204.3,80,100
2025-08-01 11:48:54,BSE_FO|840326,204.3,100,203.65,204.15,60,160
2025-08-01 11:48:55,BSE_FO|840326,203.1,40,203.25,203.7,20,40
2025-08-01 11:48:55,BSE_FO|840326,203.1,40,203.25,203.55,20,20
2025-08-01 11:48:56,BSE_FO|840326,203.15,60,203.05,203.5,80,140
2025-08-01 11:48:57,BSE_FO|840326,201.6,20,201.25,201.7,40,120
2025-08-01 11:48:58,BSE_FO|840326,201.95,20,201.6,202.0,80,400
2025-08-01 11:48:59,BSE_FO|840326,202.3,80,202.35,202.85,80,100
2025-08-01 11:49:00,BSE_FO|840326,201.35,80,201.3,201.8,60,40
2025-08-01 11:49:02,BSE_FO|840326,202.05,20,201.35,201.9,40,200
2025-08-01 11:49:03,BSE_FO|840326,202.4,20,201.95,202.4,60,100
2025-08-01 11:49:04,BSE_FO|840326,201.5,20,201.0,201.45,40,200
2025-08-01 11:49:05,BSE_FO|840326,202.4,20,202.05,202.45,40,160
2025-08-01 11:49:06,BSE_FO|840326,204.5,20,204.45,204.95,40,160
2025-08-01 11:49:07,BSE_FO|840326,203.85,20,203.35,203.95,60,200
2025-08-01 11:49:08,BSE_FO|840326,203.65,80,202.55,203.0,20,200
2025-08-01 11:49:08,BSE_FO|840326,203.65,80,202.65,203.25,40,300
2025-08-01 11:49:09,BSE_FO|840326,202.75,20,202.6,203.1,60,80
2025-08-01 11:49:09,BSE_FO|840326,202.75,20,202.7,203.1,80,20
2025-08-01 11:49:10,BSE_FO|840326,201.95,60,201.65,202.15,80,40
2025-08-01 11:49:11,BSE_FO|840326,202.3,60,201.75,202.3,120,200
2025-08-01 11:49:12,BSE_FO|840326,202.2,20,201.9,202.25,80,20
2025-08-01 11:49:13,BSE_FO|840326,203.0,40,202.55,203.05,120,60
2025-08-01 11:49:14,BSE_FO|840326,202.75,20,202.85,203.35,140,60
2025-08-01 11:49:14,BSE_FO|840326,202.75,20,202.85,203.35,120,100
2025-08-01 11:49:15,BSE_FO|840326,203.15,80,202.8,203.25,120,60
2025-08-01 11:49:16,BSE_FO|840326,202.7,20,202.7,203.2,100,20
2025-08-01 11:49:17,BSE_FO|840326,203.25,20,203.15,203.65,40,60
2025-08-01 11:49:18,BSE_FO|840326,202.85,20,203.5,204.0,80,40
2025-08-01 11:49:19,BSE_FO|840326,204.2,140,204.1,204.6,60,60
2025-08-01 11:49:20,BSE_FO|840326,204.95,40,204.3,204.85,60,80
2025-08-01 11:49:21,BSE_FO|840326,206.55,40,206.75,207.2,140,20
2025-08-01 11:49:22,BSE_FO|840326,206.15,20,205.55,206.0,80,80
2025-08-01 11:49:23,BSE_FO|840326,205.55,20,205.6,206.05,20,20
2025-08-01 11:49:23,BSE_FO|840326,206.1,80,205.55,206.15,60,20
2025-08-01 11:49:24,BSE_FO|840326,205.8,60,205.15,205.7,100,140
2025-08-01 11:49:25,BSE_FO|840326,205.9,20,205.35,205.95,40,40
2025-08-01 11:49:26,BSE_FO|840326,205.55,20,205.75,206.15,280,160
2025-08-01 11:49:27,BSE_FO|840326,206.15,60,205.95,206.5,80,80
2025-08-01 11:49:28,BSE_FO|840326,208.2,60,207.4,207.9,60,20
2025-08-01 11:49:28,BSE_FO|840326,207.9,20,207.45,207.95,100,40
2025-08-01 11:49:29,BSE_FO|840326,208.3,80,208.4,208.9,40,100
2025-08-01 11:49:31,BSE_FO|840326,210.0,20,209.4,209.9,20,100
2025-08-01 11:49:32,BSE_FO|840326,210.35,20,210.3,210.7,40,180
2025-08-01 11:49:33,BSE_FO|840326,210.55,20,210.55,211.15,40,20
2025-08-01 11:49:34,BSE_FO|840326,211.6,20,211.0,211.55,100,40
2025-08-01 11:49:34,BSE_FO|840326,211.6,20,210.8,211.45,60,140
2025-08-01 11:49:35,BSE_FO|840326,211.05,40,211.0,211.6,40,60
2025-08-01 11:49:35,BSE_FO|840326,211.05,40,211.3,211.95,40,160
2025-08-01 11:49:36,BSE_FO|840326,212.3,20,211.8,212.3,60,100
2025-08-01 11:49:36,BSE_FO|840326,211.75,40,211.7,212.2,80,80
2025-08-01 11:49:37,BSE_FO|840326,211.6,20,211.0,211.55,80,60
2025-08-01 11:49:37,BSE_FO|840326,211.6,20,211.1,211.65,60,60
2025-08-01 11:49:38,BSE_FO|840326,213.4,20,213.25,213.75,20,40
2025-08-01 11:49:38,BSE_FO|840326,213.0,80,212.75,213.35,20,60
2025-08-01 11:49:39,BSE_FO|840326,213.0,20,212.2,212.75,40,120
2025-08-01 11:49:40,BSE_FO|840326,210.85,20,210.6,211.05,40,100
2025-08-01 11:49:41,BSE_FO|840326,211.1,40,210.5,211.1,140,160
2025-08-01 11:49:42,BSE_FO|840326,209.25,40,209.15,209.7,60,220
2025-08-01 11:49:42,BSE_FO|840326,210.1,40,209.4,210.0,40,200
2025-08-01 11:49:43,BSE_FO|840326,210.2,20,209.35,209.85,40,160
2025-08-01 11:49:43,BSE_FO|840326,209.95,100,209.25,209.75,100,40
2025-08-01 11:49:44,BSE_FO|840326,210.5,40,210.15,210.65,40,100
2025-08-01 11:49:44,BSE_FO|840326,209.85,20,209.8,210.3,40,200
2025-08-01 11:49:45,BSE_FO|840326,210.8,20,210.4,210.9,200,80
2025-08-01 11:49:46,BSE_FO|840326,210.4,200,210.45,210.95,100,80
2025-08-01 11:49:47,BSE_FO|840326,210.4,20,210.45,211.05,60,60
2025-08-01 11:49:48,BSE_FO|840326,211.9,60,211.4,212.0,60,80
2025-08-01 11:49:49,BSE_FO|840326,212.25,20,211.7,212.2,40,120
2025-08-01 11:49:50,BSE_FO|840326,213.0,220,212.15,212.75,40,100
2025-08-01 11:49:51,BSE_FO|840326,213.0,40,213.3,213.8,20,20
2025-08-01 11:49:52,BSE_FO|840326,214.4,120,213.85,214.45,40,60
2025-08-01 11:49:53,BSE_FO|840326,213.75,60,213.7,214.3,100,80
2025-08-01 11:49:54,BSE_FO|840326,212.85,20,212.9,213.5,120,100
2025-08-01 11:49:55,BSE_FO|840326,213.15,20,212.65,213.2,60,40
2025-08-01 11:49:56,BSE_FO|840326,212.9,20,212.7,213.25,40,40
2025-08-01 11:49:56,BSE_FO|840326,213.25,20,213.4,214.05,60,20
2025-08-01 11:49:57,BSE_FO|840326,212.1,80,211.8,212.4,60,100
2025-08-01 11:49:57,BSE_FO|840326,212.1,80,211.65,212.2,60,60
2025-08-01 11:49:58,BSE_FO|840326,211.1,60,211.15,211.65,60,60
2025-08-01 11:50:01,BSE_FO|840326,211.9,20,211.3,211.9,80,40
2025-08-01 11:50:02,BSE_FO|840326,210.0,100,209.5,209.95,40,140
2025-08-01 11:50:03,BSE_FO|840326,208.8,160,208.7,208.9,40,40
2025-08-01 11:50:04,BSE_FO|840326,209.4,140,208.95,209.5,200,200
2025-08-01 11:50:04,BSE_FO|840326,209.45,20,209.0,209.5,40,180
2025-08-01 11:50:05,BSE_FO|840326,209.3,20,209.0,209.45,140,220
2025-08-01 11:50:05,BSE_FO|840326,209.45,40,209.2,209.45,200,100
2025-08-01 11:50:06,BSE_FO|840326,209.4,20,208.8,209.45,120,120
2025-08-01 11:50:07,BSE_FO|840326,210.45,20,209.8,210.4,40,160
2025-08-01 11:50:08,BSE_FO|840326,210.5,20,210.05,210.65,40,140
2025-08-01 11:50:09,BSE_FO|840326,211.15,20,211.25,211.75,60,140
2025-08-01 11:50:10,BSE_FO|840326,210.3,60,210.0,210.45,60,40
2025-08-01 11:50:10,BSE_FO|840326,209.7,40,209.2,209.85,20,80
2025-08-01 11:50:11,BSE_FO|840326,210.0,140,209.45,209.95,20,100
2025-08-01 11:50:12,BSE_FO|840326,209.05,20,208.65,209.15,120,100
2025-08-01 11:50:13,BSE_FO|840326,209.05,20,209.2,209.65,40,80
2025-08-01 11:50:14,BSE_FO|840326,209.55,220,209.6,210.05,60,20
2025-08-01 11:50:16,BSE_FO|840326,209.2,180,208.45,209.0,120,40
2025-08-01 11:50:17,BSE_FO|840326,209.6,40,209.1,209.7,100,120
2025-08-01 11:50:17,BSE_FO|840326,209.15,80,209.1,209.7,20,80
2025-08-01 11:50:18,BSE_FO|840326,209.9,20,209.25,209.95,140,60
2025-08-01 11:50:19,BSE_FO|840326,209.65,40,208.95,209.5,180,120
2025-08-01 11:50:20,BSE_FO|840326,208.1,20,207.65,208.15,60,180
2025-08-01 11:50:21,BSE_FO|840326,208.2,20,207.9,208.4,120,20
2025-08-01 11:50:22,BSE_FO|840326,207.75,40,207.1,207.75,20,200
2025-08-01 11:50:23,BSE_FO|840326,208.8,20,208.25,208.8,200,100
2025-08-01 11:50:23,BSE_FO|840326,209.05,120,208.5,209.05,120,100
2025-08-01 11:50:24,BSE_FO|840326,209.1,20,209.05,209.6,120,60
2025-08-01 11:50:24,BSE_FO|840326,209.1,20,209.1,209.6,80,180
2025-08-01 11:50:25,BSE_FO|840326,208.1,20,208.3,208.9,100,180
2025-08-01 11:50:26,BSE_FO|840326,208.85,20,209.4,209.95,120,40
2025-08-01 11:50:27,BSE_FO|840326,210.05,20,210.1,210.6,200,40
2025-08-01 11:50:28,BSE_FO|840326,210.3,140,209.9,210.4,60,120
2025-08-01 11:50:29,BSE_FO|840326,210.9,20,210.3,210.9,100,180
2025-08-01 11:50:30,BSE_FO|840326,210.9,20,210.3,210.9,60,120
2025-08-01 11:50:31,BSE_FO|840326,210.65,40,210.2,210.7,60,60
2025-08-01 11:50:32,BSE_FO|840326,211.0,20,210.5,211.0,60,260
2025-08-01 11:50:32,BSE_FO|840326,211.0,80,210.85,211.5,180,140
2025-08-01 11:50:33,BSE_FO|840326,210.8,20,210.6,211.15,80,100
2025-08-01 11:50:33,BSE_FO|840326,210.8,20,210.5,211.05,200,20
2025-08-01 11:50:34,BSE_FO|840326,210.85,20,210.75,211.35,80,280
2025-08-01 11:50:35,BSE_FO|840326,211.05,20,209.65,210.25,40,160
2025-08-01 11:50:36,BSE_FO|840326,210.0,100,209.75,210.0,60,540
2025-08-01 11:50:36,BSE_FO|840326,209.65,80,209.6,210.0,20,480
2025-08-01 11:50:37,BSE_FO|840326,209.15,20,209.05,209.55,40,120
2025-08-01 11:50:38,BSE_FO|840326,209.75,20,209.5,210.1,180,40
2025-08-01 11:50:39,BSE_FO|840326,209.7,20,210.0,210.65,60,60
2025-08-01 11:50:40,BSE_FO|840326,208.4,60,208.0,208.5,80,220
2025-08-01 11:50:41,BSE_FO|840326,208.0,60,208.1,208.65,60,140
2025-08-01 11:50:42,BSE_FO|840326,208.25,200,207.65,208.2,40,20
2025-08-01 11:50:43,BSE_FO|840326,208.4,80,207.9,208.5,80,140
2025-08-01 11:50:44,BSE_FO|840326,208.45,20,208.1,208.65,20,40
2025-08-01 11:50:45,BSE_FO|840326,208.45,20,207.85,208.45,40,60
2025-08-01 11:50:46,BSE_FO|840326,207.8,80,207.85,208.4,40,40
2025-08-01 11:50:46,BSE_FO|840326,207.8,80,207.95,208.4,260,20
2025-08-01 11:50:47,BSE_FO|840326,208.35,100,207.75,208.25,20,40
2025-08-01 11:50:48,BSE_FO|840326,208.15,60,208.15,208.75,100,100
2025-08-01 11:50:49,BSE_FO|840326,208.9,100,208.4,208.95,80,160
2025-08-01 11:50:50,BSE_FO|840326,209.15,20,208.5,209.15,160,120
2025-08-01 11:50:51,BSE_FO|840326,208.9,20,208.45,208.85,60,240
2025-08-01 11:50:51,BSE_FO|840326,208.9,20,208.45,208.85,60,240
2025-08-01 11:50:52,BSE_FO|840326,208.45,60,208.05,208.55,40,40
2025-08-01 11:50:53,BSE_FO|840326,208.55,80,208.05,208.55,40,60
2025-08-01 11:50:54,BSE_FO|840326,207.85,40,208.1,208.6,80,40
2025-08-01 11:50:55,BSE_FO|840326,207.8,20,207.75,208.3,60,60
2025-08-01 11:50:56,BSE_FO|840326,209.05,100,208.6,209.25,160,180
2025-08-01 11:50:57,BSE_FO|840326,208.4,20,208.4,209.0,80,20
2025-08-01 11:50:58,BSE_FO|840326,208.5,20,208.4,209.0,40,180
2025-08-01 11:50:59,BSE_FO|840326,208.9,20,208.55,209.05,60,120
2025-08-01 11:51:00,BSE_FO|840326,208.05,60,208.0,208.1,580,60
2025-08-01 11:51:01,BSE_FO|840326,207.8,20,207.65,208.25,140,60
2025-08-01 11:51:01,BSE_FO|840326,207.75,20,207.7,208.3,140,180
2025-08-01 11:51:02,BSE_FO|840326,208.65,80,208.15,208.7,100,80
2025-08-01 11:51:03,BSE_FO|840326,209.35,40,208.85,209.4,60,280
2025-08-01 11:51:04,BSE_FO|840326,209.6,20,208.9,209.4,40,100
2025-08-01 11:51:05,BSE_FO|840326,208.4,20,207.95,208.5,100,140
2025-08-01 11:51:05,BSE_FO|840326,208.4,20,207.9,208.45,20,160
2025-08-01 11:51:06,BSE_FO|840326,208.4,20,208.4,208.75,80,160
2025-08-01 11:51:07,BSE_FO|840326,209.15,20,208.65,208.9,20,40
2025-08-01 11:51:08,BSE_FO|840326,208.65,60,208.85,209.25,80,80
2025-08-01 11:51:09,BSE_FO|840326,209.25,100,209.05,209.6,60,160
2025-08-01 11:51:10,BSE_FO|840326,209.65,60,209.25,209.8,140,180
2025-08-01 11:51:11,BSE_FO|840326,209.95,20,209.5,210.0,40,300
2025-08-01 11:51:11,BSE_FO|840326,209.95,20,209.6,210.15,140,180
2025-08-01 11:51:12,BSE_FO|840326,209.9,20,209.55,210.1,80,220
2025-08-01 11:51:13,BSE_FO|840326,209.9,20,209.6,210.15,60,80
2025-08-01 11:51:14,BSE_FO|840326,209.6,40,209.2,209.8,60,220
2025-08-01 11:51:15,BSE_FO|840326,209.0,40,208.95,209.5,40,160
2025-08-01 11:51:16,BSE_FO|840326,209.8,20,209.4,209.85,120,40
2025-08-01 11:51:17,BSE_FO|840326,208.25,20,208.35,208.95,180,40
2025-08-01 11:51:18,BSE_FO|840326,208.35,40,208.9,209.4,40,40
2025-08-01 11:51:19,BSE_FO|840326,208.65,80,208.3,208.9,40,60
2025-08-01 11:51:19,BSE_FO|840326,208.65,80,208.3,208.8,40,140
2025-08-01 11:51:20,BSE_FO|840326,208.8,20,208.1,208.65,100,60
2025-08-01 11:51:21,BSE_FO|840326,208.25,80,208.0,208.5,120,40
2025-08-01 11:51:22,BSE_FO|840326,207.95,20,207.8,208.35,60,80
2025-08-01 11:51:23,BSE_FO|840326,208.0,20,207.45,208.0,120,180
2025-08-01 11:51:23,BSE_FO|840326,208.0,20,207.45,208.0,100,160
2025-08-01 11:51:24,BSE_FO|840326,207.65,20,206.95,207.5,60,260
2025-08-01 11:51:24,BSE_FO|840326,207.65,20,206.95,207.45,160,120
2025-08-01 11:51:25,BSE_FO|840326,206.0,100,205.9,206.3,20,100
2025-08-01 11:51:25,BSE_FO|840326,204.5,80,204.6,205.25,20,280
2025-08-01 11:51:26,BSE_FO|840326,204.5,80,204.3,204.85,80,40
2025-08-01 11:51:27,BSE_FO|840326,205.85,20,205.85,206.4,60,140
2025-08-01 11:51:28,BSE_FO|840326,205.85,20,206.0,206.55,20,60
2025-08-01 11:51:29,BSE_FO|840326,207.05,40,206.7,207.25,60,180
2025-08-01 11:51:30,BSE_FO|840326,207.2,20,206.95,207.55,60,160
2025-08-01 11:51:32,BSE_FO|840326,207.75,40,207.7,208.3,40,140
2025-08-01 11:51:32,BSE_FO|840326,207.75,40,207.2,207.8,20,60
2025-08-01 11:51:33,BSE_FO|840326,207.9,100,207.45,208.0,60,40
2025-08-01 11:51:33,BSE_FO|840326,207.9,100,207.35,207.9,40,80
2025-08-01 11:51:34,BSE_FO|840326,207.8,120,206.7,207.25,60,100
2025-08-01 11:51:34,BSE_FO|840326,207.8,120,206.75,207.25,140,140
2025-08-01 11:51:35,BSE_FO|840326,207.2,20,206.9,207.5,60,220
2025-08-01 11:51:36,BSE_FO|840326,206.2,20,205.85,206.35,160,100
2025-08-01 11:51:37,BSE_FO|840326,205.85,40,205.9,206.5,60,320
2025-08-01 11:51:38,BSE_FO|840326,207.3,100,206.4,206.9,20,300
2025-08-01 11:51:38,BSE_FO|840326,207.3,100,206.0,206.55,40,40
2025-08-01 11:51:39,BSE_FO|840326,206.1,100,205.95,206.5,60,80
2025-08-01 11:51:40,BSE_FO|840326,207.1,60,207.1,207.55,40,40
2025-08-01 11:51:41,BSE_FO|840326,208.1,100,208.1,208.65,40,40
2025-08-01 11:51:43,BSE_FO|840326,208.35,20,207.8,208.35,40,100
2025-08-01 11:51:44,BSE_FO|840326,209.25,20,209.05,209.6,120,40
2025-08-01 11:51:45,BSE_FO|840326,210.3,20,210.3,210.9,60,160
2025-08-01 11:51:46,BSE_FO|840326,210.45,20,210.55,211.0,60,100
2025-08-01 11:51:46,BSE_FO|840326,210.45,20,210.6,211.0,60,100
2025-08-01 11:51:47,BSE_FO|840326,211.0,20,210.65,211.2,140,20
2025-08-01 11:51:47,BSE_FO|840326,211.0,20,210.75,211.2,60,20
2025-08-01 11:51:48,BSE_FO|840326,212.0,320,212.3,212.9,120,120
2025-08-01 11:51:48,BSE_FO|840326,212.3,80,212.4,212.85,220,80
2025-08-01 11:51:49,BSE_FO|840326,213.1,20,212.45,213.05,60,60
2025-08-01 11:51:50,BSE_FO|840326,212.3,20,212.2,212.8,60,120
2025-08-01 11:51:51,BSE_FO|840326,212.9,20,212.85,213.45,80,120
2025-08-01 11:51:51,BSE_FO|840326,212.75,80,212.6,213.05,200,240
2025-08-01 11:51:52,BSE_FO|840326,212.3,20,212.45,213.1,260,140
2025-08-01 11:51:52,BSE_FO|840326,212.3,20,212.4,212.95,140,60
2025-08-01 11:51:53,BSE_FO|840326,212.7,40,212.05,212.6,120,60
2025-08-01 11:51:53,BSE_FO|840326,212.6,20,212.1,212.65,100,40
2025-08-01 11:51:54,BSE_FO|840326,212.2,100,211.95,212.55,40,40
2025-08-01 11:51:54,BSE_FO|840326,211.9,120,211.9,212.55,260,120
2025-08-01 11:51:55,BSE_FO|840326,214.75,20,214.55,215.25,20,100
2025-08-01 11:51:56,BSE_FO|840326,216.05,40,215.65,216.15,60,40
2025-08-01 11:51:58,BSE_FO|840326,216.15,60,215.15,215.75,40,100
2025-08-01 11:51:59,BSE_FO|840326,216.15,40,215.45,216.0,140,20
2025-08-01 11:52:00,BSE_FO|840326,215.15,40,215.25,215.85,140,120
2025-08-01 11:52:00,BSE_FO|840326,215.2,20,214.95,215.7,20,40
2025-08-01 11:52:01,BSE_FO|840326,215.4,20,215.0,215.55,120,120
2025-08-01 11:52:01,BSE_FO|840326,215.4,20,214.8,215.45,40,120
2025-08-01 11:52:02,BSE_FO|840326,215.75,20,215.15,215.8,120,40
2025-08-01 11:52:03,BSE_FO|840326,215.2,20,214.65,215.15,60,40
2025-08-01 11:52:04,BSE_FO|840326,213.6,20,213.4,213.9,80,20
2025-08-01 11:52:05,BSE_FO|840326,213.75,20,213.3,213.8,60,40
2025-08-01 11:52:06,BSE_FO|840326,214.2,20,213.6,214.15,100,20
2025-08-01 11:52:06,BSE_FO|840326,214.2,20,213.55,214.15,120,60
2025-08-01 11:52:07,BSE_FO|840326,213.9,20,214.0,214.5,100,120
2025-08-01 11:52:08,BSE_FO|840326,213.95,20,213.8,214.3,120,60
2025-08-01 11:52:09,BSE_FO|840326,216.45,20,216.4,216.95,160,20
2025-08-01 11:52:10,BSE_FO|840326,216.95,140,217.05,217.55,60,20
2025-08-01 11:52:11,BSE_FO|840326,216.9,40,216.35,216.95,60,140
2025-08-01 11:52:13,BSE_FO|840326,216.5,20,216.5,216.85,20,60
2025-08-01 11:52:13,BSE_FO|840326,216.5,20,216.7,217.2,20,40
2025-08-01 11:52:14,BSE_FO|840326,217.15,20,216.85,217.4,120,100
2025-08-01 11:52:15,BSE_FO|840326,216.75,20,216.2,216.7,20,40
2025-08-01 11:52:16,BSE_FO|840326,217.25,40,216.6,217.2,40,340
2025-08-01 11:52:16,BSE_FO|840326,217.25,40,216.9,217.45,140,60
2025-08-01 11:52:17,BSE_FO|840326,216.0,20,216.0,216.6,20,160
2025-08-01 11:52:18,BSE_FO|840326,215.8,60,215.3,215.75,80,100
2025-08-01 11:52:19,BSE_FO|840326,216.7,20,215.8,216.45,100,160
2025-08-01 11:52:20,BSE_FO|840326,216.35,20,215.95,216.5,80,20
2025-08-01 11:52:21,BSE_FO|840326,216.3,160,216.4,216.95,40,60
2025-08-01 11:52:22,BSE_FO|840326,218.5,100,218.2,218.8,60,120
2025-08-01 11:52:23,BSE_FO|840326,217.85,20,217.95,218.55,20,140
2025-08-01 11:52:23,BSE_FO|840326,218.85,20,218.2,218.8,100,80
2025-08-01 11:52:24,BSE_FO|840326,217.5,60,216.95,217.6,100,220
2025-08-01 11:52:26,BSE_FO|840326,217.0,20,216.7,217.35,80,260
2025-08-01 11:52:26,BSE_FO|840326,218.45,20,218.45,219.0,160,40
2025-08-01 11:52:27,BSE_FO|840326,218.45,20,218.45,218.95,120,40
2025-08-01 11:52:28,BSE_FO|840326,218.75,20,218.75,219.2,100,100
2025-08-01 11:52:28,BSE_FO|840326,219.4,40,218.8,219.4,60,100
2025-08-01 11:52:29,BSE_FO|840326,219.4,20,219.4,219.95,20,180
2025-08-01 11:52:30,BSE_FO|840326,218.4,20,219.0,219.6,220,300
2025-08-01 11:52:31,BSE_FO|840326,221.15,20,220.35,220.9,20,200
2025-08-01 11:52:32,BSE_FO|840326,219.2,20,218.65,219.15,40,20
2025-08-01 11:52:33,BSE_FO|840326,218.75,20,218.15,218.7,100,80
2025-08-01 11:52:33,BSE_FO|840326,218.75,20,218.2,218.75,180,160
2025-08-01 11:52:34,BSE_FO|840326,219.2,20,218.8,219.3,40,60
2025-08-01 11:52:34,BSE_FO|840326,219.5,20,218.8,219.4,60,80
2025-08-01 11:52:35,BSE_FO|840326,216.7,260,217.45,218.0,40,100
2025-08-01 11:52:36,BSE_FO|840326,216.45,60,216.55,217.1,60,260
2025-08-01 11:52:37,BSE_FO|840326,216.7,100,216.1,216.65,220,60
2025-08-01 11:52:38,BSE_FO|840326,215.4,60,215.1,215.65,40,260
2025-08-01 11:52:39,BSE_FO|840326,216.3,20,215.8,216.35,60,100
2025-08-01 11:52:40,BSE_FO|840326,216.3,20,215.9,216.45,40,120
2025-08-01 11:52:40,BSE_FO|840326,216.0,20,216.05,216.65,40,60
2025-08-01 11:52:41,BSE_FO|840326,216.0,80,216.25,216.7,60,40
2025-08-01 11:52:42,BSE_FO|840326,215.8,60,215.3,216.0,140,300
2025-08-01 11:52:42,BSE_FO|840326,215.8,60,215.25,215.85,120,60
2025-08-01 11:52:43,BSE_FO|840326,216.75,20,216.9,217.05,80,20
2025-08-01 11:52:43,BSE_FO|840326,217.6,20,217.1,217.55,140,20
2025-08-01 11:52:44,BSE_FO|840326,215.75,20,215.7,216.15,80,100
2025-08-01 11:52:45,BSE_FO|840326,216.85,20,216.25,216.9,140,60
2025-08-01 11:52:46,BSE_FO|840326,216.75,20,216.9,217.45,40,40
2025-08-01 11:52:47,BSE_FO|840326,217.4,20,216.75,217.4,340,60
2025-08-01 11:52:48,BSE_FO|840326,217.0,20,217.0,217.55,80,120
2025-08-01 11:52:48,BSE_FO|840326,217.0,20,217.05,217.55,40,80
2025-08-01 11:52:49,BSE_FO|840326,217.75,20,217.35,217.95,60,20
2025-08-01 11:52:49,BSE_FO|840326,218.3,40,217.45,218.05,40,120
2025-08-01 11:52:50,BSE_FO|840326,218.3,140,217.65,218.2,140,20
2025-08-01 11:52:51,BSE_FO|840326,218.65,40,218.35,218.9,120,60
2025-08-01 11:52:52,BSE_FO|840326,217.75,20,217.65,218.15,60,60
2025-08-01 11:52:52,BSE_FO|840326,217.75,20,217.55,218.1,60,40
2025-08-01 11:52:53,BSE_FO|840326,218.05,40,217.65,218.2,180,80
2025-08-01 11:52:54,BSE_FO|840326,218.7,20,218.45,218.9,120,20
2025-08-01 11:52:55,BSE_FO|840326,218.7,20,218.4,218.95,320,40
2025-08-01 11:52:55,BSE_FO|840326,218.15,40,218.25,218.8,300,80
2025-08-01 11:52:56,BSE_FO|840326,218.15,40,218.15,218.7,60,180
2025-08-01 11:52:57,BSE_FO|840326,218.4,20,218.4,219.0,200,260
2025-08-01 11:52:58,BSE_FO|840326,218.3,20,217.85,218.3,60,40
2025-08-01 11:52:59,BSE_FO|840326,217.9,20,217.45,217.9,580,60
2025-08-01 11:53:00,BSE_FO|840326,218.25,20,217.7,218.25,100,120
2025-08-01 11:53:01,BSE_FO|840326,218.6,20,217.9,218.4,300,20
2025-08-01 11:53:02,BSE_FO|840326,218.0,40,217.7,218.25,400,260
2025-08-01 11:53:02,BSE_FO|840326,218.25,20,217.95,218.25,40,120
2025-08-01 11:53:03,BSE_FO|840326,217.45,20,217.45,218.0,560,100
2025-08-01 11:53:03,BSE_FO|840326,217.45,20,217.65,218.1,60,80
2025-08-01 11:53:04,BSE_FO|840326,217.15,20,217.4,218.0,60,120
2025-08-01 11:53:05,BSE_FO|840326,217.4,40,217.2,217.75,180,60
2025-08-01 11:53:06,BSE_FO|840326,216.75,20,216.95,217.5,140,40
2025-08-01 11:53:07,BSE_FO|840326,217.5,20,216.75,217.3,60,80
2025-08-01 11:53:08,BSE_FO|840326,217.5,20,216.8,217.35,60,80
2025-08-01 11:53:08,BSE_FO|840326,217.5,20,216.5,217.15,20,60
2025-08-01 11:53:10,BSE_FO|840326,216.8,120,216.35,216.9,20,200
2025-08-01 11:53:11,BSE_FO|840326,215.0,40,214.5,215.1,160,160
2025-08-01 11:53:12,BSE_FO|840326,214.65,280,214.7,215.2,20,120
2025-08-01 11:53:13,BSE_FO|840326,215.4,60,214.7,215.3,120,140
2025-08-01 11:53:14,BSE_FO|840326,214.9,20,215.0,215.45,20,40
2025-08-01 11:53:14,BSE_FO|840326,214.9,20,215.05,215.6,80,40
2025-08-01 11:53:15,BSE_FO|840326,215.4,340,214.7,215.25,40,40
2025-08-01 11:53:16,BSE_FO|840326,215.9,20,215.7,216.3,40,60
2025-08-01 11:53:17,BSE_FO|840326,216.5,160,215.8,216.35,40,60
2025-08-01 11:53:18,BSE_FO|840326,215.6,20,215.2,215.75,60,160
2025-08-01 11:53:19,BSE_FO|840326,215.85,20,215.4,215.9,180,40
2025-08-01 11:53:20,BSE_FO|840326,216.75,20,216.65,217.25,60,120
2025-08-01 11:53:21,BSE_FO|840326,217.5,20,217.65,218.1,20,20
2025-08-01 11:53:21,BSE_FO|840326,218.25,20,217.65,218.25,200,40
2025-08-01 11:53:22,BSE_FO|840326,218.1,20,217.8,218.45,140,140
2025-08-01 11:53:22,BSE_FO|840326,218.1,20,217.9,218.5,260,80
2025-08-01 11:53:23,BSE_FO|840326,218.65,20,218.1,218.7,200,40
2025-08-01 11:53:23,BSE_FO|840326,218.65,20,218.1,218.65,120,60
2025-08-01 11:53:24,BSE_FO|840326,219.0,120,218.55,219.1,180,120
2025-08-01 11:53:25,BSE_FO|840326,219.0,120,218.45,219.0,80,20
2025-08-01 11:53:25,BSE_FO|840326,218.4,200,218.6,219.15,120,80
2025-08-01 11:53:26,BSE_FO|840326,218.4,200,218.5,219.15,220,380
2025-08-01 11:53:27,BSE_FO|840326,217.05,20,217.15,217.8,200,260
2025-08-01 11:53:28,BSE_FO|840326,218.5,20,218.4,218.95,60,40
2025-08-01 11:53:28,BSE_FO|840326,218.5,20,218.15,218.75,100,20
2025-08-01 11:53:29,BSE_FO|840326,218.5,40,217.45,217.95,40,20
2025-08-01 11:53:29,BSE_FO|840326,217.4,40,217.4,218.0,60,40
2025-08-01 11:53:30,BSE_FO|840326,217.3,20,217.05,217.8,120,300
2025-08-01 11:53:30,BSE_FO|840326,217.3,20,217.25,217.8,80,60
2025-08-01 11:53:31,BSE_FO|840326,218.2,20,217.45,218.0,40,40
2025-08-01 11:53:32,BSE_FO|840326,218.0,20,218.05,218.7,40,40
2025-08-01 11:53:33,BSE_FO|840326,218.3,20,218.25,218.75,20,40
2025-08-01 11:53:34,BSE_FO|840326,218.8,20,218.2,218.9,40,320
2025-08-01 11:53:34,BSE_FO|840326,220.0,20,219.75,220.0,40,1160
2025-08-01 11:53:35,BSE_FO|840326,220.6,20,219.9,220.4,60,40
2025-08-01 11:53:35,BSE_FO|840326,220.6,20,219.75,220.35,200,100
2025-08-01 11:53:36,BSE_FO|840326,220.8,80,220.4,220.95,240,120
2025-08-01 11:53:36,BSE_FO|840326,220.55,20,220.5,221.0,100,1300
2025-08-01 11:53:37,BSE_FO|840326,220.8,60,220.35,220.85,20,40
2025-08-01 11:53:37,BSE_FO|840326,220.7,20,220.15,220.75,100,20
2025-08-01 11:53:38,BSE_FO|840326,219.3,60,219.15,219.7,60,180
2025-08-01 11:53:40,BSE_FO|840326,218.2,20,218.1,218.7,120,100
2025-08-01 11:53:40,BSE_FO|840326,218.2,20,218.3,218.9,100,380
2025-08-01 11:53:41,BSE_FO|840326,218.25,20,218.3,218.85,20,60
2025-08-01 11:53:42,BSE_FO|840326,218.3,20,218.4,219.0,100,120
2025-08-01 11:53:42,BSE_FO|840326,218.3,20,218.35,218.9,60,120
2025-08-01 11:53:43,BSE_FO|840326,219.25,40,219.05,219.7,380,120
2025-08-01 11:53:43,BSE_FO|840326,219.15,20,219.0,219.6,240,60
2025-08-01 11:53:44,BSE_FO|840326,220.05,20,219.6,220.2,40,40
2025-08-01 11:53:44,BSE_FO|840326,220.05,20,219.9,220.5,100,40
2025-08-01 11:53:45,BSE_FO|840326,221.0,20,220.55,221.15,100,60
2025-08-01 11:53:46,BSE_FO|840326,220.55,260,220.45,220.95,120,40
2025-08-01 11:53:47,BSE_FO|840326,222.25,100,222.25,222.85,40,160
2025-08-01 11:53:48,BSE_FO|840326,221.75,20,221.2,221.9,200,180
2025-08-01 11:53:48,BSE_FO|840326,221.75,20,221.25,221.9,60,140
2025-08-01 11:53:49,BSE_FO|840326,222.0,20,222.1,222.7,120,60
2025-08-01 11:53:50,BSE_FO|840326,222.3,120,221.4,222.0,20,60
2025-08-01 11:53:50,BSE_FO|840326,222.05,20,221.6,222.2,20,120
2025-08-01 11:53:51,BSE_FO|840326,222.2,20,221.6,222.2,300,140
2025-08-01 11:53:52,BSE_FO|840326,220.6,20,220.65,221.05,40,100
2025-08-01 11:53:54,BSE_FO|840326,220.85,40,220.1,220.75,140,60
2025-08-01 11:53:55,BSE_FO|840326,220.35,20,219.8,220.45,260,120
2025-08-01 11:53:57,BSE_FO|840326,221.2,20,221.0,221.6,120,80
2025-08-01 11:53:57,BSE_FO|840326,221.2,20,220.85,221.5,120,240
2025-08-01 11:53:58,BSE_FO|840326,221.65,60,221.15,221.75,80,80
2025-08-01 11:53:59,BSE_FO|840326,221.55,20,220.95,221.35,40,20
2025-08-01 11:54:00,BSE_FO|840326,221.35,120,221.0,221.5,60,80
2025-08-01 11:54:01,BSE_FO|840326,221.4,20,220.95,221.5,180,80
2025-08-01 11:54:02,BSE_FO|840326,220.95,20,220.95,221.55,200,20
2025-08-01 11:54:03,BSE_FO|840326,220.8,60,220.8,221.35,100,60
2025-08-01 11:54:03,BSE_FO|840326,220.75,40,220.85,221.35,20,40
2025-08-01 11:54:04,BSE_FO|840326,218.9,20,218.55,219.05,40,40
2025-08-01 11:54:04,BSE_FO|840326,219.1,40,218.95,219.4,40,60
2025-08-01 11:54:05,BSE_FO|840326,217.6,40,217.0,217.55,100,40
2025-08-01 11:54:05,BSE_FO|840326,217.6,40,216.9,217.4,120,40
2025-08-01 11:54:06,BSE_FO|840326,218.0,40,217.25,217.8,140,60
2025-08-01 11:54:07,BSE_FO|840326,217.3,20,216.85,217.35,80,20
2025-08-01 11:54:09,BSE_FO|840326,217.25,40,216.8,217.25,40,20
2025-08-01 11:54:10,BSE_FO|840326,216.8,40,216.2,216.7,100,120
2025-08-01 11:54:11,BSE_FO|840326,215.2,20,215.0,215.4,1760,260
2025-08-01 11:54:12,BSE_FO|840326,215.35,80,215.0,215.35,1080,180
2025-08-01 11:54:12,BSE_FO|840326,215.45,20,215.0,215.45,1240,40
2025-08-01 11:54:13,BSE_FO|840326,214.1,40,214.1,214.65,60,120
2025-08-01 11:54:14,BSE_FO|840326,213.9,40,213.85,214.5,60,60
2025-08-01 11:54:15,BSE_FO|840326,212.75,20,212.1,212.65,100,300
2025-08-01 11:54:15,BSE_FO|840326,212.75,20,212.1,212.6,60,180
2025-08-01 11:54:16,BSE_FO|840326,212.3,20,211.8,212.25,40,120
2025-08-01 11:54:17,BSE_FO|840326,211.0,20,210.95,211.5,100,160
2025-08-01 11:54:17,BSE_FO|840326,210.55,60,210.6,211.15,80,80
2025-08-01 11:54:18,BSE_FO|840326,211.1,20,210.65,211.2,40,140
2025-08-01 11:54:18,BSE_FO|840326,210.55,80,210.75,211.25,160,60
2025-08-01 11:54:19,BSE_FO|840326,211.4,20,211.35,211.95,80,80
2025-08-01 11:54:20,BSE_FO|840326,212.55,80,212.55,213.1,40,20
2025-08-01 11:54:21,BSE_FO|840326,213.65,20,213.45,214.05,80,200
2025-08-01 11:54:22,BSE_FO|840326,212.6,40,212.05,212.6,60,200
2025-08-01 11:54:23,BSE_FO|840326,212.85,20,212.2,212.8,60,20
2025-08-01 11:54:24,BSE_FO|840326,212.85,20,212.25,212.75,20,80
2025-08-01 11:54:25,BSE_FO|840326,208.4,40,208.35,208.7,160,40
2025-08-01 11:54:26,BSE_FO|840326,210.15,40,210.1,210.65,140,40
2025-08-01 11:54:27,BSE_FO|840326,210.0,20,209.95,210.5,60,40
2025-08-01 11:54:28,BSE_FO|840326,210.6,40,210.0,210.55,80,60
2025-08-01 11:54:29,BSE_FO|840326,211.2,20,210.75,211.35,120,60
2025-08-01 11:54:30,BSE_FO|840326,211.25,20,210.6,211.2,80,60
2025-08-01 11:54:31,BSE_FO|840326,210.75,40,209.9,210.55,160,60
2025-08-01 11:54:32,BSE_FO|840326,210.55,40,209.95,210.55,80,100
2025-08-01 11:54:32,BSE_FO|840326,210.6,60,210.0,210.6,80,60
2025-08-01 11:54:33,BSE_FO|840326,209.8,60,209.75,210.4,40,100
2025-08-01 11:54:34,BSE_FO|840326,209.85,20,210.8,211.3,20,40
2025-08-01 11:54:35,BSE_FO|840326,211.05,60,210.75,211.0,100,160
2025-08-01 11:54:36,BSE_FO|840326,211.55,60,210.8,211.4,40,160
2025-08-01 11:54:38,BSE_FO|840326,211.1,40,210.5,211.05,100,60
2025-08-01 11:54:38,BSE_FO|840326,211.1,40,210.6,211.2,40,120
2025-08-01 11:54:38,BSE_FO|840326,210.5,20,210.9,211.4,40,40
2025-08-01 11:54:39,BSE_FO|840326,210.9,20,210.6,211.15,20,40
2025-08-01 11:54:40,BSE_FO|840326,210.9,20,210.0,210.55,420,220
2025-08-01 11:54:41,BSE_FO|840326,209.8,100,210.25,210.85,20,40
2025-08-01 11:54:42,BSE_FO|840326,209.95,20,209.65,210.25,60,80
2025-08-01 11:54:43,BSE_FO|840326,209.75,20,210.45,211.0,60,40
2025-08-01 11:54:44,BSE_FO|840326,210.05,40,209.75,210.3,40,60
2025-08-01 11:54:44,BSE_FO|840326,210.05,40,209.6,210.15,100,80
2025-08-01 11:54:45,BSE_FO|840326,210.05,20,210.05,210.6,60,40
2025-08-01 11:54:45,BSE_FO|840326,210.05,20,210.0,210.6,140,100
2025-08-01 11:54:46,BSE_FO|840326,210.3,20,210.25,210.7,40,60
2025-08-01 11:54:46,BSE_FO|840326,210.3,20,210.25,210.8,80,40
2025-08-01 11:54:47,BSE_FO|840326,212.25,60,211.75,212.3,220,40
2025-08-01 11:54:48,BSE_FO|840326,212.2,20,211.7,212.25,100,140
2025-08-01 11:54:49,BSE_FO|840326,210.7,20,210.3,210.8,160,20
2025-08-01 11:54:49,BSE_FO|840326,210.3,20,209.8,210.25,60,40
2025-08-01 11:54:50,BSE_FO|840326,211.6,40,210.9,211.45,120,80
2025-08-01 11:54:51,BSE_FO|840326,212.0,40,211.85,212.4,40,60
2025-08-01 11:54:52,BSE_FO|840326,212.0,40,211.7,212.3,240,40
2025-08-01 11:54:53,BSE_FO|840326,211.85,40,211.8,212.45,100,20
2025-08-01 11:54:54,BSE_FO|840326,212.0,40,212.1,212.65,40,80
2025-08-01 11:54:55,BSE_FO|840326,212.5,40,212.5,213.0,100,820
2025-08-01 11:54:56,BSE_FO|840326,213.0,20,212.3,212.9,260,60
2025-08-01 11:54:57,BSE_FO|840326,211.6,20,211.45,211.95,80,80
2025-08-01 11:54:58,BSE_FO|840326,211.6,20,212.6,213.0,160,780
2025-08-01 11:54:58,BSE_FO|840326,211.6,20,212.45,212.9,120,20
2025-08-01 11:54:59,BSE_FO|840326,212.35,20,211.8,212.4,40,80
2025-08-01 11:54:59,BSE_FO|840326,212.35,20,212.1,212.6,100,40
2025-08-01 11:55:00,BSE_FO|840326,212.6,40,211.95,212.5,160,160
2025-08-01 11:55:01,BSE_FO|840326,211.75,100,211.4,211.95,60,120
2025-08-01 11:55:02,BSE_FO|840326,211.05,20,210.95,211.5,40,60
2025-08-01 11:55:03,BSE_FO|840326,211.55,60,211.0,211.6,100,340
2025-08-01 11:55:04,BSE_FO|840326,211.75,20,210.9,211.5,80,260
2025-08-01 11:55:04,BSE_FO|840326,211.75,20,211.1,211.6,80,60
2025-08-01 11:55:05,BSE_FO|840326,211.85,20,211.15,211.8,100,200
2025-08-01 11:55:06,BSE_FO|840326,212.2,20,211.85,212.4,100,280
2025-08-01 11:55:07,BSE_FO|840326,212.2,20,211.85,212.4,160,60
2025-08-01 11:55:08,BSE_FO|840326,212.65,20,212.05,212.65,40,60
2025-08-01 11:55:09,BSE_FO|840326,213.15,40,212.85,213.45,180,140
2025-08-01 11:55:10,BSE_FO|840326,213.15,20,212.55,213.05,120,20
2025-08-01 11:55:11,BSE_FO|840326,213.7,80,212.8,213.35,40,20
2025-08-01 11:55:11,BSE_FO|840326,213.7,80,212.8,213.35,40,140
2025-08-01 11:55:12,BSE_FO|840326,211.5,20,211.55,212.0,40,20
2025-08-01 11:55:12,BSE_FO|840326,211.5,20,211.6,212.0,20,20
2025-08-01 11:55:13,BSE_FO|840326,212.6,20,212.35,212.85,20,60
2025-08-01 11:55:14,BSE_FO|840326,212.4,20,212.1,212.6,40,40
2025-08-01 11:55:15,BSE_FO|840326,211.4,140,211.8,212.35,60,40
2025-08-01 11:55:16,BSE_FO|840326,211.1,20,210.8,211.3,40,220
2025-08-01 11:55:16,BSE_FO|840326,211.3,20,210.3,210.85,60,80
2025-08-01 11:55:17,BSE_FO|840326,211.55,60,211.2,211.7,20,120
2025-08-01 11:55:17,BSE_FO|840326,211.55,60,210.85,211.35,60,60
2025-08-01 11:55:18,BSE_FO|840326,211.75,60,211.35,211.55,20,180
2025-08-01 11:55:18,BSE_FO|840326,211.75,60,211.35,211.55,20,40
2025-08-01 11:55:19,BSE_FO|840326,211.4,40,210.75,211.35,140,60
2025-08-01 11:55:20,BSE_FO|840326,212.25,20,211.65,212.25,80,160
2025-08-01 11:55:22,BSE_FO|840326,211.7,120,210.75,211.25,60,20
2025-08-01 11:55:22,BSE_FO|840326,210.85,20,211.0,211.55,20,160
2025-08-01 11:55:23,BSE_FO|840326,211.5,40,210.75,211.35,60,200
2025-08-01 11:55:23,BSE_FO|840326,211.5,40,210.75,211.35,60,80
2025-08-01 11:55:24,BSE_FO|840326,211.7,20,211.0,211.6,40,300
2025-08-01 11:55:25,BSE_FO|840326,209.6,40,209.6,210.2,40,180
2025-08-01 11:55:25,BSE_FO|840326,209.6,40,209.55,210.15,100,60
2025-08-01 11:55:26,BSE_FO|840326,210.5,100,210.55,211.15,20,40
2025-08-01 11:55:26,BSE_FO|840326,210.5,100,210.85,211.45,100,200
2025-08-01 11:55:27,BSE_FO|840326,211.05,20,210.5,211.05,80,100
2025-08-01 11:55:28,BSE_FO|840326,210.05,20,210.0,210.65,40,80
2025-08-01 11:55:28,BSE_FO|840326,210.05,20,209.9,210.4,20,40
2025-08-01 11:55:29,BSE_FO|840326,209.8,40,210.3,210.9,60,180
2025-08-01 11:55:30,BSE_FO|840326,208.9,140,208.8,209.4,160,180
2025-08-01 11:55:31,BSE_FO|840326,208.55,40,208.55,209.15,20,120
2025-08-01 11:55:32,BSE_FO|840326,209.15,40,209.15,209.75,20,20
2025-08-01 11:55:32,BSE_FO|840326,209.15,40,209.1,209.7,40,280
2025-08-01 11:55:33,BSE_FO|840326,209.15,20,208.8,209.35,100,180
2025-08-01 11:55:34,BSE_FO|840326,209.4,60,208.6,209.25,180,220
2025-08-01 11:55:34,BSE_FO|840326,209.4,60,208.65,209.2,20,180
2025-08-01 11:55:35,BSE_FO|840326,209.2,40,209.15,209.8,40,140
2025-08-01 11:55:37,BSE_FO|840326,209.0,60,209.0,209.3,40,140
2025-08-01 11:55:38,BSE_FO|840326,209.8,140,209.9,210.4,160,20
2025-08-01 11:55:39,BSE_FO|840326,210.05,40,209.15,209.7,60,140
2025-08-01 11:55:39,BSE_FO|840326,208.95,200,209.0,209.6,160,60
2025-08-01 11:55:40,BSE_FO|840326,210.05,20,210.2,210.7,20,40
2025-08-01 11:55:40,BSE_FO|840326,210.05,20,210.05,210.6,20,60
2025-08-01 11:55:41,BSE_FO|840326,208.85,20,208.55,209.0,40,40
2025-08-01 11:55:41,BSE_FO|840326,208.85,20,208.65,209.25,60,120
2025-08-01 11:55:42,BSE_FO|840326,208.0,20,207.45,207.9,80,60
2025-08-01 11:55:42,BSE_FO|840326,208.0,20,207.45,207.9,40,60
2025-08-01 11:55:43,BSE_FO|840326,208.4,20,208.45,209.1,40,100
2025-08-01 11:55:44,BSE_FO|840326,208.4,40,208.2,208.75,80,60
2025-08-01 11:55:45,BSE_FO|840326,208.75,300,208.3,208.85,20,160
2025-08-01 11:55:45,BSE_FO|840326,208.75,300,208.15,208.55,20,140
2025-08-01 11:55:46,BSE_FO|840326,208.1,40,207.7,208.2,60,20
2025-08-01 11:55:47,BSE_FO|840326,207.2,60,206.55,207.05,20,60
2025-08-01 11:55:47,BSE_FO|840326,207.2,60,206.65,207.15,120,100
2025-08-01 11:55:48,BSE_FO|840326,207.5,160,207.05,207.65,40,120
2025-08-01 11:55:49,BSE_FO|840326,207.1,20,206.5,206.95,40,20
2025-08-01 11:55:50,BSE_FO|840326,205.95,40,206.15,206.7,20,40
2025-08-01 11:55:52,BSE_FO|840326,207.3,40,207.35,207.9,20,100
2025-08-01 11:55:52,BSE_FO|840326,207.7,20,207.15,207.7,40,120
2025-08-01 11:55:53,BSE_FO|840326,206.65,40,206.75,207.35,120,100
2025-08-01 11:55:54,BSE_FO|840326,206.7,20,206.6,207.15,60,80
2025-08-01 11:55:54,BSE_FO|840326,206.7,20,206.7,207.3,60,120
2025-08-01 11:55:55,BSE_FO|840326,206.0,20,206.0,206.4,80,60
2025-08-01 11:55:56,BSE_FO|840326,205.0,20,204.85,205.4,40,40
2025-08-01 11:55:56,BSE_FO|840326,204.7,20,204.55,205.05,40,40
2025-08-01 11:55:57,BSE_FO|840326,203.75,20,203.8,204.35,20,60
2025-08-01 11:55:58,BSE_FO|840326,204.8,20,204.05,204.75,60,100
2025-08-01 11:55:59,BSE_FO|840326,204.05,20,203.45,204.15,60,60
2025-08-01 11:55:59,BSE_FO|840326,204.05,20,203.7,204.3,20,40
2025-08-01 11:56:00,BSE_FO|840326,204.9,20,204.35,204.85,80,20
2025-08-01 11:56:00,BSE_FO|840326,204.9,20,204.4,205.0,100,280
2025-08-01 11:56:01,BSE_FO|840326,204.65,20,204.55,205.1,60,40
2025-08-01 11:56:02,BSE_FO|840326,205.5,20,204.7,205.25,40,160
2025-08-01 11:56:03,BSE_FO|840326,203.25,40,203.25,203.8,20,60
2025-08-01 11:56:04,BSE_FO|840326,204.8,100,204.3,204.8,60,60
2025-08-01 11:56:05,BSE_FO|840326,204.8,20,204.35,204.85,40,40
2025-08-01 11:56:06,BSE_FO|840326,205.7,40,204.95,205.5,160,140
2025-08-01 11:56:07,BSE_FO|840326,205.35,20,204.9,205.35,40,280
2025-08-01 11:56:07,BSE_FO|840326,205.35,20,204.8,205.25,20,340
2025-08-01 11:56:08,BSE_FO|840326,204.25,100,204.5,204.95,40,120
2025-08-01 11:56:09,BSE_FO|840326,204.2,20,204.7,205.25,40,20
2025-08-01 11:56:10,BSE_FO|840326,205.15,20,204.05,204.6,80,120
2025-08-01 11:56:11,BSE_FO|840326,204.6,120,204.85,205.25,40,60
2025-08-01 11:56:12,BSE_FO|840326,206.4,20,206.4,207.0,20,60
2025-08-01 11:56:12,BSE_FO|840326,206.95,20,206.5,206.95,60,40
2025-08-01 11:56:13,BSE_FO|840326,208.3,20,208.35,208.9,20,60
2025-08-01 11:56:13,BSE_FO|840326,208.3,20,208.35,208.95,60,20
2025-08-01 11:56:14,BSE_FO|840326,211.6,40,211.65,212.2,60,40
2025-08-01 11:56:14,BSE_FO|840326,212.4,20,212.3,212.4,60,40
2025-08-01 11:56:15,BSE_FO|840326,211.05,80,211.05,211.6,300,40
2025-08-01 11:56:15,BSE_FO|840326,211.05,80,211.05,211.6,140,60
2025-08-01 11:56:16,BSE_FO|840326,211.95,40,211.1,211.55,40,40
2025-08-01 11:56:17,BSE_FO|840326,210.65,20,210.35,211.0,20,160
2025-08-01 11:56:18,BSE_FO|840326,211.2,140,210.65,211.3,100,40
2025-08-01 11:56:19,BSE_FO|840326,210.55,20,210.55,211.15,40,120
2025-08-01 11:56:19,BSE_FO|840326,211.2,20,210.1,210.65,20,180
2025-08-01 11:56:20,BSE_FO|840326,211.2,20,210.0,210.45,40,60
2025-08-01 11:56:21,BSE_FO|840326,209.9,80,209.85,210.5,60,80
2025-08-01 11:56:21,BSE_FO|840326,209.9,80,210.2,210.75,20,60
2025-08-01 11:56:22,BSE_FO|840326,210.5,20,209.95,210.5,20,120
2025-08-01 11:56:22,BSE_FO|840326,210.5,20,210.15,210.7,60,100
2025-08-01 11:56:23,BSE_FO|840326,210.1,180,210.15,210.7,60,120
2025-08-01 11:56:24,BSE_FO|840326,209.75,40,209.7,210.1,20,60
2025-08-01 11:56:25,BSE_FO|840326,210.4,120,209.95,210.45,80,60
2025-08-01 11:56:27,BSE_FO|840326,210.2,60,209.35,209.95,180,80
2025-08-01 11:56:27,BSE_FO|840326,210.0,80,209.45,209.9,160,100
2025-08-01 11:56:28,BSE_FO|840326,209.0,100,208.75,209.25,80,160
2025-08-01 11:56:28,BSE_FO|840326,209.0,100,209.05,209.6,140,80
2025-08-01 11:56:29,BSE_FO|840326,208.9,40,208.25,208.8,120,400
2025-08-01 11:56:30,BSE_FO|840326,207.7,80,207.0,207.5,60,60
2025-08-01 11:56:31,BSE_FO|840326,206.75,60,207.3,207.85,20,40
2025-08-01 11:56:32,BSE_FO|840326,207.75,20,207.15,207.7,80,20
2025-08-01 11:56:33,BSE_FO|840326,206.5,40,206.45,207.05,80,40
2025-08-01 11:56:34,BSE_FO|840326,206.3,100,206.6,207.1,60,60
2025-08-01 11:56:35,BSE_FO|840326,207.15,20,206.5,207.1,80,220
2025-08-01 11:56:36,BSE_FO|840326,206.6,20,206.65,206.95,20,20
2025-08-01 11:56:37,BSE_FO|840326,206.6,40,206.45,207.05,120,160
2025-08-01 11:56:38,BSE_FO|840326,206.2,20,206.3,206.8,80,40
2025-08-01 11:56:39,BSE_FO|840326,206.8,180,206.6,207.1,20,40
2025-08-01 11:56:39,BSE_FO|840326,206.8,180,206.3,206.8,20,40
2025-08-01 11:56:40,BSE_FO|840326,207.25,20,206.8,207.3,40,40
2025-08-01 11:56:40,BSE_FO|840326,207.25,20,206.7,207.3,60,120
2025-08-01 11:56:41,BSE_FO|840326,205.8,40,205.75,206.3,140,80
2025-08-01 11:56:42,BSE_FO|840326,205.6,20,205.5,206.1,300,60
2025-08-01 11:56:42,BSE_FO|840326,205.6,20,205.5,206.05,300,80
2025-08-01 11:56:43,BSE_FO|840326,205.7,20,205.3,205.9,40,100
2025-08-01 11:56:43,BSE_FO|840326,205.7,20,205.3,205.85,240,40
2025-08-01 11:56:44,BSE_FO|840326,204.65,20,204.25,204.85,40,40
2025-08-01 11:56:45,BSE_FO|840326,204.15,20,204.25,204.9,60,260
2025-08-01 11:56:46,BSE_FO|840326,204.6,40,204.65,205.25,180,40
2025-08-01 11:56:47,BSE_FO|840326,204.0,60,204.0,204.6,80,300
2025-08-01 11:56:47,BSE_FO|840326,204.0,60,204.0,204.5,40,20
2025-08-01 11:56:48,BSE_FO|840326,204.05,40,203.9,204.5,40,140
2025-08-01 11:56:49,BSE_FO|840326,204.05,40,203.85,204.4,60,100
2025-08-01 11:56:50,BSE_FO|840326,203.7,40,204.15,204.75,140,40
2025-08-01 11:56:51,BSE_FO|840326,203.65,20,203.3,203.85,40,80
2025-08-01 11:56:52,BSE_FO|840326,202.6,20,202.7,203.3,200,280
2025-08-01 11:56:53,BSE_FO|840326,203.05,20,202.9,203.45,40,40
2025-08-01 11:56:54,BSE_FO|840326,202.0,180,202.05,202.65,40,60
2025-08-01 11:56:54,BSE_FO|840326,202.0,180,202.15,202.75,60,40
2025-08-01 11:56:55,BSE_FO|840326,203.45,80,202.8,203.4,80,120
2025-08-01 11:56:55,BSE_FO|840326,203.35,20,203.15,203.75,20,40
2025-08-01 11:56:56,BSE_FO|840326,202.0,120,202.0,202.4,660,300
2025-08-01 11:56:56,BSE_FO|840326,202.0,660,201.75,202.35,40,80
2025-08-01 11:56:57,BSE_FO|840326,201.75,60,201.35,201.85,60,40
2025-08-01 11:56:58,BSE_FO|840326,201.3,20,201.3,201.55,20,40
2025-08-01 11:56:59,BSE_FO|840326,200.75,20,201.0,201.35,200,140
2025-08-01 11:57:00,BSE_FO|840326,202.8,60,202.3,202.7,40,20
2025-08-01 11:57:00,BSE_FO|840326,201.9,60,201.95,202.5,80,20
2025-08-01 11:57:01,BSE_FO|840326,203.25,20,202.65,203.3,140,60
2025-08-01 11:57:02,BSE_FO|840326,203.7,180,202.95,203.55,80,60
2025-08-01 11:57:02,BSE_FO|840326,203.5,80,202.85,203.45,20,40
2025-08-01 11:57:04,BSE_FO|840326,202.75,40,203.0,203.55,80,80
2025-08-01 11:57:04,BSE_FO|840326,202.75,40,203.0,203.55,100,60
2025-08-01 11:57:05,BSE_FO|840326,203.5,20,203.6,204.0,20,40
2025-08-01 11:57:06,BSE_FO|840326,204.05,20,203.8,204.35,20,140
2025-08-01 11:57:07,BSE_FO|840326,202.0,200,202.15,202.7,200,140
2025-08-01 11:57:07,BSE_FO|840326,202.7,20,202.2,202.75,80,180
2025-08-01 11:57:08,BSE_FO|840326,202.45,20,201.95,202.35,60,20
2025-08-01 11:57:09,BSE_FO|840326,200.65,20,200.65,201.15,160,180
2025-08-01 11:57:10,BSE_FO|840326,202.35,20,201.9,202.45,60,140
2025-08-01 11:57:11,BSE_FO|840326,201.55,40,201.15,201.65,80,120
2025-08-01 11:57:11,BSE_FO|840326,201.55,40,201.25,201.65,140,20
2025-08-01 11:57:12,BSE_FO|840326,200.7,20,200.65,201.15,80,20
2025-08-01 11:57:13,BSE_FO|840326,203.55,100,203.25,203.65,60,20
2025-08-01 11:57:13,BSE_FO|840326,203.95,100,203.4,204.05,60,100
2025-08-01 11:57:14,BSE_FO|840326,204.2,20,203.05,203.7,80,180
2025-08-01 11:57:15,BSE_FO|840326,202.55,20,202.4,203.0,180,480
2025-08-01 11:57:15,BSE_FO|840326,202.55,20,202.55,203.0,40,40
2025-08-01 11:57:17,BSE_FO|840326,202.85,40,202.45,202.95,340,20
2025-08-01 11:57:17,BSE_FO|840326,202.85,40,202.5,202.95,200,20
2025-08-01 11:57:17,BSE_FO|840326,202.95,20,202.35,202.8,200,20
2025-08-01 11:57:19,BSE_FO|840326,201.9,20,201.05,201.5,100,20
2025-08-01 11:57:20,BSE_FO|840326,202.15,20,202.15,202.55,200,20
2025-08-01 11:57:21,BSE_FO|840326,202.05,20,201.75,202.3,320,20
2025-08-01 11:57:22,BSE_FO|840326,203.3,20,203.05,203.55,40,140
2025-08-01 11:57:23,BSE_FO|840326,202.8,40,202.95,203.25,520,20
2025-08-01 11:57:23,BSE_FO|840326,202.8,40,202.9,203.25,160,20
2025-08-01 11:57:24,BSE_FO|840326,203.35,40,202.8,203.25,20,40
2025-08-01 11:57:24,BSE_FO|840326,203.35,40,202.45,202.8,120,20
2025-08-01 11:57:25,BSE_FO|840326,203.35,20,202.8,203.25,20,80
2025-08-01 11:57:26,BSE_FO|840326,203.1,80,203.1,203.4,40,20
2025-08-01 11:57:27,BSE_FO|840326,204.75,80,204.35,204.9,100,160
2025-08-01 11:57:28,BSE_FO|840326,203.7,20,203.5,204.05,80,120
2025-08-01 11:57:28,BSE_FO|840326,204.05,20,203.6,204.2,60,180
2025-08-01 11:57:29,BSE_FO|840326,204.25,20,203.9,204.5,120,200
2025-08-01 11:57:29,BSE_FO|840326,204.75,20,204.1,204.7,240,120
2025-08-01 11:57:30,BSE_FO|840326,203.8,20,203.8,204.4,120,60
2025-08-01 11:57:31,BSE_FO|840326,203.35,60,203.1,203.65,60,80
2025-08-01 11:57:32,BSE_FO|840326,203.45,20,202.8,203.35,60,40
2025-08-01 11:57:34,BSE_FO|840326,203.55,20,203.1,203.7,60,60
2025-08-01 11:57:35,BSE_FO|840326,203.8,60,203.1,203.75,40,60
2025-08-01 11:57:35,BSE_FO|840326,203.8,60,203.1,203.7,60,240
2025-08-01 11:57:36,BSE_FO|840326,202.45,60,202.3,202.85,40,40
2025-08-01 11:57:36,BSE_FO|840326,202.45,60,202.25,202.85,160,200
2025-08-01 11:57:37,BSE_FO|840326,202.25,20,202.5,203.05,40,60
2025-08-01 11:57:37,BSE_FO|840326,202.25,20,202.3,202.85,80,40
2025-08-01 11:57:38,BSE_FO|840326,201.0,80,201.2,201.75,180,140
2025-08-01 11:57:38,BSE_FO|840326,201.0,80,200.85,201.4,40,220
2025-08-01 11:57:39,BSE_FO|840326,199.75,80,199.6,200.15,100,80
2025-08-01 11:57:40,BSE_FO|840326,199.9,80,200.65,201.2,180,300
2025-08-01 11:57:41,BSE_FO|840326,199.65,40,199.85,200.45,60,120
2025-08-01 11:57:41,BSE_FO|840326,199.85,20,199.85,200.35,60,60
2025-08-01 11:57:42,BSE_FO|840326,199.75,20,199.85,200.2,40,40
2025-08-01 11:57:42,BSE_FO|840326,199.75,20,199.85,200.25,40,180
2025-08-01 11:57:43,BSE_FO|840326,200.55,80,200.65,201.15,60,180
2025-08-01 11:57:44,BSE_FO|840326,200.5,20,200.4,200.9,80,20
2025-08-01 11:57:45,BSE_FO|840326,202.6,20,201.95,202.55,80,20
2025-08-01 11:57:46,BSE_FO|840326,201.5,40,201.0,201.4,500,40
2025-08-01 11:57:47,BSE_FO|840326,201.0,480,200.55,200.85,20,180
2025-08-01 11:57:49,BSE_FO|840326,201.05,20,200.6,201.05,40,80
2025-08-01 11:57:49,BSE_FO|840326,200.55,20,200.5,200.95,120,80
2025-08-01 11:57:50,BSE_FO|840326,199.0,20,198.8,199.35,20,40
2025-08-01 11:57:51,BSE_FO|840326,199.7,240,199.0,199.5,20,20
2025-08-01 11:57:52,BSE_FO|840326,199.65,20,199.2,199.7,120,260
2025-08-01 11:57:52,BSE_FO|840326,199.35,20,198.8,199.4,80,20
2025-08-01 11:57:53,BSE_FO|840326,199.45,40,199.6,200.0,40,140
2025-08-01 11:57:54,BSE_FO|840326,199.3,20,199.35,199.9,100,60
2025-08-01 11:57:55,BSE_FO|840326,199.9,40,199.5,200.0,80,240
2025-08-01 11:57:55,BSE_FO|840326,199.6,120,199.55,200.1,160,100
2025-08-01 11:57:56,BSE_FO|840326,199.15,40,199.25,199.85,80,20
2025-08-01 11:57:58,BSE_FO|840326,199.75,20,199.25,199.7,40,120
2025-08-01 11:57:58,BSE_FO|840326,199.75,20,199.1,199.6,60,140
2025-08-01 11:57:58,BSE_FO|840326,200.3,20,200.05,200.5,40,40
2025-08-01 11:57:58,BSE_FO|840326,200.2,100,200.45,200.95,80,140
2025-08-01 11:57:59,BSE_FO|840326,200.4,20,200.5,201.05,200,80
2025-08-01 11:58:00,BSE_FO|840326,201.25,20,201.05,201.5,60,60
2025-08-01 11:58:01,BSE_FO|840326,202.2,20,202.3,202.8,140,40
2025-08-01 11:58:02,BSE_FO|840326,202.8,40,202.15,202.65,120,120
2025-08-01 11:58:03,BSE_FO|840326,203.5,120,203.8,204.35,100,40
2025-08-01 11:58:03,BSE_FO|840326,205.35,20,204.95,205.5,240,40
2025-08-01 11:58:04,BSE_FO|840326,206.0,340,206.1,206.65,140,40
2025-08-01 11:58:04,BSE_FO|840326,206.0,340,206.25,206.7,40,60
2025-08-01 11:58:05,BSE_FO|840326,207.0,20,207.0,207.6,60,100
2025-08-01 11:58:05,BSE_FO|840326,207.0,20,206.8,207.45,140,200
2025-08-01 11:58:06,BSE_FO|840326,210.0,200,209.85,210.5,240,120
2025-08-01 11:58:07,BSE_FO|840326,209.4,20,208.8,209.3,340,60
2025-08-01 11:58:08,BSE_FO|840326,210.25,20,210.1,210.65,140,140
2025-08-01 11:58:09,BSE_FO|840326,209.85,20,209.9,210.45,100,60
2025-08-01 11:58:10,BSE_FO|840326,209.8,180,209.05,209.55,160,120
2025-08-01 11:58:10,BSE_FO|840326,209.8,180,209.05,209.4,60,40
2025-08-01 11:58:11,BSE_FO|840326,209.0,40,208.6,209.1,60,60
2025-08-01 11:58:11,BSE_FO|840326,209.25,20,208.3,208.9,20,40
2025-08-01 11:58:12,BSE_FO|840326,208.4,20,209.05,209.4,40,40
2025-08-01 11:58:13,BSE_FO|840326,209.55,100,209.05,209.6,60,60
2025-08-01 11:58:15,BSE_FO|840326,209.8,20,209.8,210.35,180,20
2025-08-01 11:58:15,BSE_FO|840326,210.8,80,210.15,210.8,140,20
2025-08-01 11:58:17,BSE_FO|840326,209.75,20,209.7,210.3,140,120
2025-08-01 11:58:17,BSE_FO|840326,209.75,20,209.8,210.45,140,40
2025-08-01 11:58:18,BSE_FO|840326,210.4,120,209.85,210.4,60,80
2025-08-01 11:58:19,BSE_FO|840326,210.8,20,210.15,210.8,140,40
2025-08-01 11:58:20,BSE_FO|840326,210.45,40,210.0,210.5,240,20
2025-08-01 11:58:20,BSE_FO|840326,210.0,200,209.7,210.1,120,40
2025-08-01 11:58:21,BSE_FO|840326,210.35,40,209.9,210.45,80,40
2025-08-01 11:58:22,BSE_FO|840326,210.6,200,210.0,210.6,120,300
2025-08-01 11:58:22,BSE_FO|840326,210.6,200,210.0,210.5,80,60
2025-08-01 11:58:23,BSE_FO|840326,210.45,80,209.85,210.45,40,80
2025-08-01 11:58:23,BSE_FO|840326,210.45,80,209.95,210.5,120,200
2025-08-01 11:58:24,BSE_FO|840326,211.3,20,210.75,211.25,60,20
2025-08-01 11:58:25,BSE_FO|840326,210.2,40,210.35,210.95,100,220
2025-08-01 11:58:25,BSE_FO|840326,210.2,40,210.35,210.9,120,40
2025-08-01 11:58:26,BSE_FO|840326,210.8,20,210.25,210.75,240,20
2025-08-01 11:58:26,BSE_FO|840326,210.8,20,210.25,210.75,280,40
2025-08-01 11:58:27,BSE_FO|840326,210.5,20,210.1,210.75,300,180
2025-08-01 11:58:28,BSE_FO|840326,210.7,300,210.15,210.65,140,80
2025-08-01 11:58:29,BSE_FO|840326,210.0,20,209.9,210.45,60,100
2025-08-01 11:58:30,BSE_FO|840326,210.0,20,210.15,210.7,40,60
2025-08-01 11:58:31,BSE_FO|840326,210.0,20,210.3,210.75,40,20
2025-08-01 11:58:31,BSE_FO|840326,210.8,20,210.2,210.8,140,200
2025-08-01 11:58:32,BSE_FO|840326,210.8,20,210.25,210.8,320,40
2025-08-01 11:58:33,BSE_FO|840326,210.8,20,209.95,210.5,20,160
2025-08-01 11:58:34,BSE_FO|840326,210.8,20,210.2,210.65,120,20
2025-08-01 11:58:35,BSE_FO|840326,210.5,20,209.55,210.05,100,80
2025-08-01 11:58:36,BSE_FO|840326,210.5,400,209.9,210.4,100,40
2025-08-01 11:58:37,BSE_FO|840326,210.2,60,209.75,210.25,100,100
2025-08-01 11:58:37,BSE_FO|840326,210.2,60,209.6,210.15,100,120
2025-08-01 11:58:39,BSE_FO|840326,209.8,120,209.75,210.3,160,60
2025-08-01 11:58:39,BSE_FO|840326,210.0,20,209.45,210.05,40,40
2025-08-01 11:58:39,BSE_FO|840326,211.1,80,211.2,211.7,140,140
2025-08-01 11:58:40,BSE_FO|840326,214.5,60,214.2,214.55,20,40
2025-08-01 11:58:41,BSE_FO|840326,214.05,20,214.05,214.55,80,100
2025-08-01 11:58:41,BSE_FO|840326,214.35,20,214.05,214.6,80,20
2025-08-01 11:58:42,BSE_FO|840326,214.95,40,214.95,215.5,140,100
2025-08-01 11:58:42,BSE_FO|840326,214.95,40,214.9,215.45,140,140
2025-08-01 11:58:43,BSE_FO|840326,216.35,140,216.45,217.0,60,20
2025-08-01 11:58:45,BSE_FO|840326,216.65,20,215.9,216.45,220,40
2025-08-01 11:58:45,BSE_FO|840326,216.5,40,215.95,216.55,40,80
2025-08-01 11:58:46,BSE_FO|840326,214.85,140,214.9,215.35,80,20
2025-08-01 11:58:48,BSE_FO|840326,214.7,100,214.6,215.1,20,60
2025-08-01 11:58:48,BSE_FO|840326,215.6,100,214.7,215.2,280,40
2025-08-01 11:58:49,BSE_FO|840326,214.6,20,214.5,214.95,160,20
2025-08-01 11:58:50,BSE_FO|840326,215.45,20,214.9,215.5,260,80
2025-08-01 11:58:50,BSE_FO|840326,214.9,160,214.6,215.2,180,80
2025-08-01 11:58:51,BSE_FO|840326,214.9,80,214.55,215.1,80,60
2025-08-01 11:58:52,BSE_FO|840326,215.4,60,215.0,215.35,100,60
2025-08-01 11:58:53,BSE_FO|840326,214.45,80,214.6,215.0,60,80
2025-08-01 11:58:53,BSE_FO|840326,214.6,20,214.65,215.05,160,40
2025-08-01 11:58:54,BSE_FO|840326,214.75,80,214.25,214.85,40,100
2025-08-01 11:58:54,BSE_FO|840326,214.75,80,214.2,214.65,100,80
2025-08-01 11:58:55,BSE_FO|840326,215.35,20,214.8,215.35,120,80
2025-08-01 11:58:56,BSE_FO|840326,214.95,20,214.65,215.2,120,60
2025-08-01 11:58:56,BSE_FO|840326,214.95,20,214.45,215.05,80,100
2025-08-01 11:58:58,BSE_FO|840326,213.2,120,212.05,212.55,40,100
2025-08-01 11:58:58,BSE_FO|840326,213.2,120,212.0,212.55,20,140
2025-08-01 11:58:58,BSE_FO|840326,212.1,200,211.7,212.3,120,180
2025-08-01 11:58:58,BSE_FO|840326,211.85,60,211.6,212.15,40,40
2025-08-01 11:58:59,BSE_FO|840326,212.3,20,212.35,213.0,220,60
2025-08-01 11:59:00,BSE_FO|840326,213.25,20,212.6,213.2,220,60
2025-08-01 11:59:02,BSE_FO|840326,211.9,60,211.6,212.1,80,120
2025-08-01 11:59:03,BSE_FO|840326,213.05,40,213.0,213.4,60,180
2025-08-01 11:59:04,BSE_FO|840326,214.35,20,214.1,214.6,40,20
2025-08-01 11:59:04,BSE_FO|840326,214.35,20,214.2,214.65,60,80
2025-08-01 11:59:05,BSE_FO|840326,216.0,700,215.95,216.45,40,80
2025-08-01 11:59:06,BSE_FO|840326,216.5,20,216.6,216.95,40,40
2025-08-01 11:59:08,BSE_FO|840326,215.9,20,215.3,215.8,260,40
2025-08-01 11:59:08,BSE_FO|840326,215.4,20,215.0,215.55,40,20
2025-08-01 11:59:09,BSE_FO|840326,215.6,80,215.05,215.6,140,40
2025-08-01 11:59:10,BSE_FO|840326,215.1,20,214.55,215.1,120,20
2025-08-01 11:59:10,BSE_FO|840326,215.1,20,214.95,215.45,20,60
2025-08-01 11:59:11,BSE_FO|840326,215.95,20,215.85,216.35,60,60
2025-08-01 11:59:11,BSE_FO|840326,215.95,20,216.1,216.5,60,140
2025-08-01 11:59:12,BSE_FO|840326,216.95,20,215.75,216.3,60,120
2025-08-01 11:59:12,BSE_FO|840326,215.8,20,215.95,216.4,40,120
2025-08-01 11:59:13,BSE_FO|840326,216.6,60,215.75,216.0,60,120
2025-08-01 11:59:15,BSE_FO|840326,215.0,40,215.05,215.65,180,80
2025-08-01 11:59:16,BSE_FO|840326,215.1,20,214.65,215.15,60,40
2025-08-01 11:59:17,BSE_FO|840326,215.1,220,214.55,214.95,40,80
2025-08-01 11:59:17,BSE_FO|840326,215.15,40,214.5,215.05,180,60
2025-08-01 11:59:18,BSE_FO|840326,215.3,20,214.8,215.3,40,200
2025-08-01 11:59:19,BSE_FO|840326,214.0,20,213.75,214.0,260,180
2025-08-01 11:59:20,BSE_FO|840326,214.2,200,213.75,214.25,120,40
2025-08-01 11:59:20,BSE_FO|840326,214.2,200,213.5,214.1,220,40
2025-08-01 11:59:21,BSE_FO|840326,214.4,180,214.0,214.45,900,80
2025-08-01 11:59:22,BSE_FO|840326,214.0,780,213.5,213.95,60,140
2025-08-01 11:59:23,BSE_FO|840326,213.15,20,213.3,213.75,160,140
2025-08-01 11:59:24,BSE_FO|840326,214.0,60,213.5,214.0,300,120
2025-08-01 11:59:25,BSE_FO|840326,212.9,20,212.95,213.4,120,160
2025-08-01 11:59:25,BSE_FO|840326,212.9,20,212.85,213.4,240,180
2025-08-01 11:59:26,BSE_FO|840326,213.45,20,212.7,213.2,60,320
2025-08-01 11:59:28,BSE_FO|840326,212.8,20,212.55,213.2,160,160
2025-08-01 11:59:28,BSE_FO|840326,212.8,20,212.55,213.1,60,60
2025-08-01 11:59:28,BSE_FO|840326,213.2,20,212.75,213.3,40,300
2025-08-01 11:59:30,BSE_FO|840326,212.1,20,211.5,212.05,60,180
2025-08-01 11:59:31,BSE_FO|840326,208.15,60,208.05,208.4,40,60
2025-08-01 11:59:31,BSE_FO|840326,208.15,60,208.05,208.5,40,260
2025-08-01 11:59:32,BSE_FO|840326,207.85,40,207.35,207.85,120,40
2025-08-01 11:59:33,BSE_FO|840326,207.1,20,206.9,207.4,140,240
2025-08-01 11:59:34,BSE_FO|840326,207.3,60,206.3,206.9,100,240
2025-08-01 11:59:35,BSE_FO|840326,205.7,40,205.75,206.25,40,40
2025-08-01 11:59:36,BSE_FO|840326,205.55,20,205.15,205.7,40,260
2025-08-01 11:59:36,BSE_FO|840326,205.55,20,204.85,205.45,20,80
2025-08-01 11:59:37,BSE_FO|840326,204.4,240,204.7,205.25,80,80
2025-08-01 11:59:38,BSE_FO|840326,205.0,20,204.4,204.95,40,160
2025-08-01 11:59:39,BSE_FO|840326,204.95,20,204.65,205.15,40,60
2025-08-01 11:59:40,BSE_FO|840326,204.55,40,204.35,204.9,40,180
2025-08-01 11:59:40,BSE_FO|840326,205.2,40,204.7,205.25,100,80
2025-08-01 11:59:41,BSE_FO|840326,205.6,20,204.6,205.2,120,80
2025-08-01 11:59:41,BSE_FO|840326,205.6,20,204.95,205.4,40,20
2025-08-01 11:59:42,BSE_FO|840326,206.1,20,205.45,205.9,20,60
2025-08-01 11:59:43,BSE_FO|840326,205.8,20,205.35,205.85,20,40
2025-08-01 11:59:44,BSE_FO|840326,205.0,20,204.55,205.15,100,60
2025-08-01 11:59:46,BSE_FO|840326,205.8,40,205.25,205.65,20,140
2025-08-01 11:59:47,BSE_FO|840326,205.95,20,205.3,205.95,20,80
2025-08-01 11:59:47,BSE_FO|840326,205.95,20,205.15,205.65,180,20
2025-08-01 11:59:48,BSE_FO|840326,205.8,20,205.2,205.7,120,80
2025-08-01 11:59:48,BSE_FO|840326,205.0,20,204.6,205.25,80,40
2025-08-01 11:59:49,BSE_FO|840326,205.45,100,204.85,205.45,60,40
2025-08-01 11:59:50,BSE_FO|840326,205.65,20,204.9,205.45,120,60
2025-08-01 11:59:51,BSE_FO|840326,204.4,180,204.45,205.0,60,60
2025-08-01 11:59:52,BSE_FO|840326,205.1,40,205.4,205.9,180,40
2025-08-01 11:59:53,BSE_FO|840326,206.4,20,205.65,206.25,320,80
2025-08-01 11:59:53,BSE_FO|840326,205.65,20,205.7,206.25,120,140
2025-08-01 11:59:54,BSE_FO|840326,205.9,20,205.5,206.0,140,120
2025-08-01 11:59:55,BSE_FO|840326,205.8,160,205.25,205.8,60,120
2025-08-01 11:59:55,BSE_FO|840326,205.8,160,205.35,205.85,180,20
2025-08-01 11:59:57,BSE_FO|840326,205.9,100,205.25,205.7,60,160
2025-08-01 11:59:57,BSE_FO|840326,203.4,40,203.45,203.95,80,120
2025-08-01 11:59:59,BSE_FO|840326,203.75,200,203.2,203.75,40,60
2025-08-01 11:59:59,BSE_FO|840326,203.75,200,202.9,203.5,120,240
2025-08-01 11:59:59,BSE_FO|840326,203.0,100,202.75,203.3,40,140
2025-08-01 12:00:01,BSE_FO|840326,205.6,20,205.25,205.8,100,60
2025-08-01 12:00:01,BSE_FO|840326,205.6,20,205.25,205.8,80,20
2025-08-01 12:00:02,BSE_FO|840326,207.2,40,206.15,206.75,40,40
2025-08-01 12:00:03,BSE_FO|840326,208.35,20,207.55,208.1,40,40
2025-08-01 12:00:04,BSE_FO|840326,208.25,40,208.35,208.95,20,40
2025-08-01 12:00:05,BSE_FO|840326,208.25,40,208.0,208.5,40,60
2025-08-01 12:00:05,BSE_FO|840326,207.85,40,207.85,208.05,60,40
2025-08-01 12:00:06,BSE_FO|840326,206.5,20,206.35,206.95,160,120
2025-08-01 12:00:06,BSE_FO|840326,206.5,20,206.15,206.75,20,120
2025-08-01 12:00:07,BSE_FO|840326,206.15,20,205.55,206.0,40,40
2025-08-01 12:00:07,BSE_FO|840326,206.15,20,205.55,206.0,40,60
2025-08-01 12:00:09,BSE_FO|840326,205.3,20,204.9,205.45,80,40
2025-08-01 12:00:09,BSE_FO|840326,205.6,20,205.7,206.25,140,60
2025-08-01 12:00:10,BSE_FO|840326,205.8,20,205.75,206.1,40,160
2025-08-01 12:00:12,BSE_FO|840326,205.65,40,205.15,205.75,380,180
2025-08-01 12:00:12,BSE_FO|840326,205.7,20,205.2,205.7,360,260
2025-08-01 12:00:14,BSE_FO|840326,205.0,20,204.5,205.0,80,140
2025-08-01 12:00:14,BSE_FO|840326,205.0,20,204.35,204.7,20,120
2025-08-01 12:00:15,BSE_FO|840326,203.5,120,203.45,203.65,20,60
2025-08-01 12:00:15,BSE_FO|840326,203.45,20,203.1,203.6,40,40
2025-08-01 12:00:16,BSE_FO|840326,203.5,20,203.2,203.7,40,40
2025-08-01 12:00:17,BSE_FO|840326,204.0,20,203.05,203.55,100,20
2025-08-01 12:00:18,BSE_FO|840326,203.1,40,202.4,202.85,300,180
2025-08-01 12:00:18,BSE_FO|840326,203.1,40,202.4,202.75,300,40
2025-08-01 12:00:19,BSE_FO|840326,202.9,20,201.7,202.2,140,180
2025-08-01 12:00:19,BSE_FO|840326,201.7,20,201.75,202.2,40,200
2025-08-01 12:00:20,BSE_FO|840326,201.1,20,201.05,201.6,80,280
2025-08-01 12:00:21,BSE_FO|840326,201.05,20,201.05,201.55,40,60
2025-08-01 12:00:21,BSE_FO|840326,201.05,20,201.0,201.5,120,160
2025-08-01 12:00:22,BSE_FO|840326,201.45,80,201.2,201.7,60,40
2025-08-01 12:00:23,BSE_FO|840326,202.7,20,202.65,203.15,40,120
2025-08-01 12:00:25,BSE_FO|840326,203.3,20,202.45,203.0,20,240
2025-08-01 12:00:25,BSE_FO|840326,203.35,20,202.85,203.4,100,120
2025-08-01 12:00:25,BSE_FO|840326,203.35,20,202.8,203.4,260,140
2025-08-01 12:00:27,BSE_FO|840326,203.45,100,204.0,204.45,40,40
2025-08-01 12:00:27,BSE_FO|840326,203.45,100,204.05,204.55,40,40
2025-08-01 12:00:27,BSE_FO|840326,204.15,20,204.1,204.65,260,160
2025-08-01 12:00:28,BSE_FO|840326,204.15,20,204.2,204.7,120,40
2025-08-01 12:00:28,BSE_FO|840326,205.1,20,204.55,205.1,20,60
2025-08-01 12:00:29,BSE_FO|840326,205.1,20,204.45,205.05,60,120
2025-08-01 12:00:29,BSE_FO|840326,205.25,20,204.5,205.15,80,200
2025-08-01 12:00:30,BSE_FO|840326,205.25,20,204.6,205.15,100,160
2025-08-01 12:00:31,BSE_FO|840326,205.5,20,204.85,205.45,140,300
2025-08-01 12:00:32,BSE_FO|840326,206.45,20,205.8,206.3,240,40
2025-08-01 12:00:33,BSE_FO|840326,206.15,20,205.8,206.3,180,60
2025-08-01 12:00:34,BSE_FO|840326,205.5,20,205.05,205.65,60,220
2025-08-01 12:00:34,BSE_FO|840326,205.5,20,205.0,205.55,60,60
2025-08-01 12:00:35,BSE_FO|840326,205.5,40,205.0,205.5,60,60
2025-08-01 12:00:35,BSE_FO|840326,205.5,40,204.95,205.45,120,140
2025-08-01 12:00:36,BSE_FO|840326,205.5,40,204.4,204.95,40,20
2025-08-01 12:00:36,BSE_FO|840326,205.5,40,204.65,205.15,100,40
2025-08-01 12:00:37,BSE_FO|840326,205.0,40,204.15,204.7,60,20
2025-08-01 12:00:38,BSE_FO|840326,206.0,20,205.65,206.15,100,40
2025-08-01 12:00:39,BSE_FO|840326,206.3,40,205.8,206.35,120,40
2025-08-01 12:00:40,BSE_FO|840326,206.3,40,205.5,205.85,20,20
2025-08-01 12:00:40,BSE_FO|840326,206.3,40,205.5,206.1,200,160
2025-08-01 12:00:42,BSE_FO|840326,205.1,80,205.5,206.0,120,80
2025-08-01 12:00:42,BSE_FO|840326,205.9,20,205.6,206.15,40,180
2025-08-01 12:00:43,BSE_FO|840326,205.9,20,205.45,206.0,160,20
2025-08-01 12:00:44,BSE_FO|840326,204.95,80,204.05,204.45,40,40
2025-08-01 12:00:45,BSE_FO|840326,204.0,240,203.0,203.65,320,60
2025-08-01 12:00:46,BSE_FO|840326,204.0,100,204.0,204.4,900,60
2025-08-01 12:00:47,BSE_FO|840326,204.0,20,204.05,204.5,60,80
2025-08-01 12:00:47,BSE_FO|840326,204.0,20,204.0,204.45,880,80
2025-08-01 12:00:48,BSE_FO|840326,204.0,80,203.45,203.9,200,40
2025-08-01 12:00:49,BSE_FO|840326,203.8,20,203.15,203.65,100,60
2025-08-01 12:00:49,BSE_FO|840326,203.8,20,203.2,203.65,60,60
2025-08-01 12:00:50,BSE_FO|840326,203.8,20,203.0,203.35,20,20
2025-08-01 12:00:51,BSE_FO|840326,202.7,20,202.05,202.5,140,120
2025-08-01 12:00:52,BSE_FO|840326,202.75,20,202.7,203.3,20,60
2025-08-01 12:00:53,BSE_FO|840326,203.1,20,202.75,203.3,160,180
2025-08-01 12:00:53,BSE_FO|840326,203.1,20,202.55,203.1,40,60
2025-08-01 12:00:54,BSE_FO|840326,203.1,20,202.7,203.15,80,40
2025-08-01 12:00:54,BSE_FO|840326,203.1,20,202.7,203.05,60,240
2025-08-01 12:00:55,BSE_FO|840326,202.75,20,202.35,202.8,40,60
2025-08-01 12:00:55,BSE_FO|840326,202.75,20,202.35,202.95,40,120
2025-08-01 12:00:57,BSE_FO|840326,202.75,20,202.35,202.9,80,80
2025-08-01 12:00:59,BSE_FO|840326,204.05,20,202.35,202.95,140,40
2025-08-01 12:01:00,BSE_FO|840326,203.0,20,203.55,204.1,140,40
2025-08-01 12:01:00,BSE_FO|840326,204.0,20,204.05,204.1,60,40
2025-08-01 12:01:01,BSE_FO|840326,202.8,20,202.6,203.1,40,40
2025-08-01 12:01:01,BSE_FO|840326,202.8,20,202.55,203.1,200,120
2025-08-01 12:01:02,BSE_FO|840326,203.1,40,202.0,202.55,560,60
2025-08-01 12:01:03,BSE_FO|840326,202.8,100,202.05,202.65,60,60
2025-08-01 12:01:03,BSE_FO|840326,202.8,100,202.25,202.8,80,100
2025-08-01 12:01:04,BSE_FO|840326,203.75,40,202.95,203.45,160,100
2025-08-01 12:01:05,BSE_FO|840326,203.4,40,203.45,204.05,120,100
2025-08-01 12:01:05,BSE_FO|840326,203.45,20,203.5,204.05,280,140
2025-08-01 12:01:07,BSE_FO|840326,204.0,20,202.25,202.9,20,120
2025-08-01 12:01:07,BSE_FO|840326,201.15,20,200.85,201.25,220,40
2025-08-01 12:01:07,BSE_FO|840326,201.15,20,200.75,201.25,20,40
2025-08-01 12:01:09,BSE_FO|840326,200.4,20,200.35,200.9,80,140
2025-08-01 12:01:09,BSE_FO|840326,200.2,60,200.3,200.8,120,100
2025-08-01 12:01:09,BSE_FO|840326,200.35,40,200.2,200.85,280,140
2025-08-01 12:01:10,BSE_FO|840326,200.15,20,200.0,200.15,560,20
2025-08-01 12:01:11,BSE_FO|840326,201.2,20,201.25,201.75,120,280
2025-08-01 12:01:13,BSE_FO|840326,202.0,20,201.85,202.25,80,60
2025-08-01 12:01:14,BSE_FO|840326,202.65,40,202.15,202.6,120,40
2025-08-01 12:01:14,BSE_FO|840326,202.65,40,202.5,203.0,40,40
2025-08-01 12:01:15,BSE_FO|840326,201.8,40,201.45,201.95,60,180
2025-08-01 12:01:15,BSE_FO|840326,201.8,40,201.45,201.95,60,40
2025-08-01 12:01:16,BSE_FO|840326,201.5,120,202.2,202.7,60,120
2025-08-01 12:01:17,BSE_FO|840326,201.6,20,201.0,201.55,20,20
2025-08-01 12:01:18,BSE_FO|840326,202.2,80,201.05,201.7,180,400
2025-08-01 12:01:19,BSE_FO|840326,201.75,20,201.2,201.8,320,140
2025-08-01 12:01:20,BSE_FO|840326,200.9,20,201.0,201.65,60,60
2025-08-01 12:01:21,BSE_FO|840326,200.2,20,199.5,200.0,40,260
2025-08-01 12:01:22,BSE_FO|840326,199.7,20,199.25,200.05,220,20
2025-08-01 12:01:22,BSE_FO|840326,200.1,40,199.65,200.15,40,60
2025-08-01 12:01:23,BSE_FO|840326,199.8,80,199.9,200.35,40,80
2025-08-01 12:01:23,BSE_FO|840326,199.8,80,199.8,200.45,180,20
2025-08-01 12:01:24,BSE_FO|840326,200.25,40,200.25,200.75,180,40
2025-08-01 12:01:24,BSE_FO|840326,200.25,40,200.3,200.85,100,60
2025-08-01 12:01:25,BSE_FO|840326,200.95,40,200.15,200.7,60,40
2025-08-01 12:01:27,BSE_FO|840326,198.75,20,198.9,199.45,40,120
2025-08-01 12:01:28,BSE_FO|840326,199.5,60,198.8,199.4,240,180
2025-08-01 12:01:28,BSE_FO|840326,199.5,60,198.8,199.35,320,60
2025-08-01 12:01:29,BSE_FO|840326,200.0,180,199.9,200.45,180,80
2025-08-01 12:01:29,BSE_FO|840326,200.15,20,200.15,200.5,80,60
2025-08-01 12:01:30,BSE_FO|840326,199.05,120,199.0,199.5,80,160
2025-08-01 12:01:30,BSE_FO|840326,199.45,20,198.9,199.45,100,60
2025-08-01 12:01:31,BSE_FO|840326,198.1,240,197.85,198.35,340,20
2025-08-01 12:01:31,BSE_FO|840326,198.1,240,197.85,198.35,240,40
2025-08-01 12:01:32,BSE_FO|840326,196.85,20,196.75,197.25,200,80
2025-08-01 12:01:33,BSE_FO|840326,197.55,40,197.75,198.3,80,40
2025-08-01 12:01:34,BSE_FO|840326,197.0,300,196.8,197.35,80,160
2025-08-01 12:01:34,BSE_FO|840326,197.0,300,196.8,197.2,40,60
2025-08-01 12:01:35,BSE_FO|840326,197.75,40,197.15,197.6,80,40
2025-08-01 12:01:35,BSE_FO|840326,197.3,180,197.3,197.7,40,120
2025-08-01 12:01:36,BSE_FO|840326,197.85,20,197.2,197.75,20,20
2025-08-01 12:01:36,BSE_FO|840326,197.85,20,197.3,197.65,80,120
2025-08-01 12:01:37,BSE_FO|840326,197.0,80,196.75,197.15,120,60
2025-08-01 12:01:39,BSE_FO|840326,197.1,20,198.0,198.6,20,80
2025-08-01 12:01:39,BSE_FO|840326,197.05,60,196.75,197.25,220,140
2025-08-01 12:01:40,BSE_FO|840326,196.85,20,196.5,197.0,100,20
2025-08-01 12:01:42,BSE_FO|840326,195.3,180,195.35,195.9,260,400
2025-08-01 12:01:42,BSE_FO|840326,195.3,180,195.35,195.9,240,180
2025-08-01 12:01:43,BSE_FO|840326,195.1,20,195.2,195.75,60,100
2025-08-01 12:01:43,BSE_FO|840326,195.15,80,195.1,195.6,160,60
2025-08-01 12:01:44,BSE_FO|840326,197.6,40,196.45,196.95,140,60
2025-08-01 12:01:44,BSE_FO|840326,196.5,20,196.4,196.85,120,20
2025-08-01 12:01:45,BSE_FO|840326,197.6,20,197.2,197.8,220,40
2025-08-01 12:01:46,BSE_FO|840326,196.7,40,195.9,196.5,100,100
2025-08-01 12:01:47,BSE_FO|840326,195.5,60,195.45,196.0,140,120
2025-08-01 12:01:48,BSE_FO|840326,196.25,20,195.85,196.35,40,60
2025-08-01 12:01:49,BSE_FO|840326,195.65,60,195.25,195.7,40,40
2025-08-01 12:01:49,BSE_FO|840326,195.65,60,195.35,195.8,20,60
2025-08-01 12:01:50,BSE_FO|840326,196.25,20,195.75,196.25,160,80
2025-08-01 12:01:50,BSE_FO|840326,196.25,20,195.85,196.3,20,40
2025-08-01 12:01:52,BSE_FO|840326,195.9,140,195.4,196.0,160,100
2025-08-01 12:01:52,BSE_FO|840326,193.75,20,194.2,194.7,40,40
2025-08-01 12:01:53,BSE_FO|840326,194.7,40,194.1,194.7,60,120
2025-08-01 12:01:54,BSE_FO|840326,193.9,20,194.25,194.75,20,160
2025-08-01 12:01:55,BSE_FO|840326,194.8,20,193.95,194.4,40,140
2025-08-01 12:01:56,BSE_FO|840326,194.8,20,193.85,194.35,60,40
2025-08-01 12:01:57,BSE_FO|840326,194.7,20,194.4,195.0,140,280
2025-08-01 12:01:58,BSE_FO|840326,194.35,20,194.05,194.55,20,80
2025-08-01 12:01:59,BSE_FO|840326,194.05,20,194.0,194.5,100,60
2025-08-01 12:02:00,BSE_FO|840326,194.0,40,193.85,194.35,40,40
2025-08-01 12:02:01,BSE_FO|840326,195.6,40,195.95,196.5,20,140
2025-08-01 12:02:02,BSE_FO|840326,195.4,20,195.05,195.5,40,60
2025-08-01 12:02:02,BSE_FO|840326,195.4,20,195.05,195.55,20,260
2025-08-01 12:02:03,BSE_FO|840326,195.75,20,195.1,195.6,60,80
2025-08-01 12:02:03,BSE_FO|840326,195.75,20,194.95,195.5,100,100
2025-08-01 12:02:04,BSE_FO|840326,194.55,60,194.1,194.6,200,120
2025-08-01 12:02:04,BSE_FO|840326,194.55,60,194.1,194.6,40,160
2025-08-01 12:02:05,BSE_FO|840326,195.15,20,194.8,195.3,60,280
2025-08-01 12:02:05,BSE_FO|840326,194.8,20,194.85,195.3,40,280
2025-08-01 12:02:06,BSE_FO|840326,193.3,20,193.1,193.55,60,40
2025-08-01 12:02:07,BSE_FO|840326,192.85,20,193.25,193.65,60,40
2025-08-01 12:02:08,BSE_FO|840326,192.8,20,192.5,192.8,140,120
2025-08-01 12:02:08,BSE_FO|840326,192.8,20,192.5,192.8,140,100
2025-08-01 12:02:10,BSE_FO|840326,192.05,100,192.15,192.7,40,300
2025-08-01 12:02:10,BSE_FO|840326,192.65,20,192.95,193.45,60,60
2025-08-01 12:02:11,BSE_FO|840326,192.9,80,192.75,193.3,40,80
2025-08-01 12:02:12,BSE_FO|840326,192.9,80,192.65,193.2,160,100
2025-08-01 12:02:13,BSE_FO|840326,193.2,40,192.65,193.2,80,380
2025-08-01 12:02:14,BSE_FO|840326,193.2,560,192.75,193.35,20,120
2025-08-01 12:02:14,BSE_FO|840326,193.4,40,192.85,193.4,60,140
2025-08-01 12:02:15,BSE_FO|840326,192.5,20,192.55,193.1,20,20
2025-08-01 12:02:16,BSE_FO|840326,189.95,20,189.55,190.1,120,140
2025-08-01 12:02:16,BSE_FO|840326,190.35,60,190.3,190.75,80,60
2025-08-01 12:02:17,BSE_FO|840326,191.55,20,190.75,191.25,40,60
2025-08-01 12:02:17,BSE_FO|840326,191.55,60,190.85,191.4,80,20
2025-08-01 12:02:18,BSE_FO|840326,192.3,40,192.3,192.85,100,20
2025-08-01 12:02:18,BSE_FO|840326,192.65,40,192.45,192.95,20,40
2025-08-01 12:02:19,BSE_FO|840326,193.05,20,192.05,192.5,40,20
2025-08-01 12:02:19,BSE_FO|840326,192.0,20,191.7,192.25,60,200
2025-08-01 12:02:20,BSE_FO|840326,193.0,120,192.35,192.65,40,60
2025-08-01 12:02:21,BSE_FO|840326,194.15,240,193.4,193.9,40,120
2025-08-01 12:02:22,BSE_FO|840326,193.95,20,193.4,193.95,20,60
2025-08-01 12:02:22,BSE_FO|840326,193.95,20,193.25,193.85,80,120
2025-08-01 12:02:23,BSE_FO|840326,194.6,20,194.3,194.9,60,60
2025-08-01 12:02:23,BSE_FO|840326,194.6,20,194.15,194.7,140,60
2025-08-01 12:02:24,BSE_FO|840326,195.7,20,195.2,195.65,40,40
2025-08-01 12:02:25,BSE_FO|840326,195.65,20,195.1,195.55,40,60
2025-08-01 12:02:26,BSE_FO|840326,195.85,20,194.7,195.2,60,20
2025-08-01 12:02:27,BSE_FO|840326,193.55,20,192.95,193.45,40,20
2025-08-01 12:02:28,BSE_FO|840326,193.1,20,192.85,193.45,60,60
2025-08-01 12:02:29,BSE_FO|840326,192.4,20,192.0,192.4,100,100
2025-08-01 12:02:30,BSE_FO|840326,192.35,20,191.2,191.75,120,140
2025-08-01 12:02:31,BSE_FO|840326,190.7,220,190.85,191.3,20,20
2025-08-01 12:02:31,BSE_FO|840326,190.7,220,190.65,191.15,80,60
2025-08-01 12:02:32,BSE_FO|840326,192.5,60,191.85,192.25,40,20
2025-08-01 12:02:32,BSE_FO|840326,192.4,160,192.25,192.8,40,40
2025-08-01 12:02:33,BSE_FO|840326,193.55,20,193.0,193.65,320,20
2025-08-01 12:02:35,BSE_FO|840326,193.0,20,192.75,193.3,40,20
2025-08-01 12:02:35,BSE_FO|840326,192.0,100,191.7,192.2,60,20
2025-08-01 12:02:36,BSE_FO|840326,191.15,20,190.7,191.25,20,40
2025-08-01 12:02:37,BSE_FO|840326,190.75,20,190.25,190.8,40,160
2025-08-01 12:02:37,BSE_FO|840326,190.75,20,190.3,190.8,20,140
2025-08-01 12:02:38,BSE_FO|840326,189.95,60,189.85,190.4,40,80
2025-08-01 12:02:38,BSE_FO|840326,189.95,60,189.65,190.1,20,40
2025-08-01 12:02:40,BSE_FO|840326,189.95,20,189.8,190.3,20,80
2025-08-01 12:02:41,BSE_FO|840326,189.35,20,189.35,189.9,20,200
2025-08-01 12:02:42,BSE_FO|840326,190.45,60,190.55,191.1,80,40
2025-08-01 12:02:43,BSE_FO|840326,190.9,20,190.5,191.1,100,80
2025-08-01 12:02:44,BSE_FO|840326,191.35,40,191.05,191.6,40,100
2025-08-01 12:02:44,BSE_FO|840326,191.35,40,191.3,191.8,40,40
2025-08-01 12:02:45,BSE_FO|840326,190.5,20,190.35,190.6,60,20
2025-08-01 12:02:45,BSE_FO|840326,190.5,20,190.25,190.55,140,20
2025-08-01 12:02:46,BSE_FO|840326,191.55,120,190.6,191.15,40,20
2025-08-01 12:02:47,BSE_FO|840326,190.6,40,190.0,190.35,80,40
2025-08-01 12:02:48,BSE_FO|840326,191.0,180,190.25,190.75,80,40
2025-08-01 12:02:49,BSE_FO|840326,190.7,20,191.1,191.65,40,140
2025-08-01 12:02:49,BSE_FO|840326,190.7,20,191.3,191.75,100,60
2025-08-01 12:02:50,BSE_FO|840326,190.6,20,191.1,191.65,40,20
2025-08-01 12:02:50,BSE_FO|840326,190.6,20,191.05,191.6,100,80
2025-08-01 12:02:51,BSE_FO|840326,191.6,80,191.55,192.1,140,140
2025-08-01 12:02:51,BSE_FO|840326,191.6,80,191.6,192.2,40,80
2025-08-01 12:02:52,BSE_FO|840326,192.3,20,192.0,192.6,20,20
2025-08-01 12:02:52,BSE_FO|840326,192.3,20,191.85,192.45,100,20
2025-08-01 12:02:53,BSE_FO|840326,192.2,20,191.25,191.8,100,120
2025-08-01 12:02:56,BSE_FO|840326,192.2,120,191.85,192.45,80,60
2025-08-01 12:02:57,BSE_FO|840326,190.7,20,191.35,191.85,20,40
2025-08-01 12:02:58,BSE_FO|840326,192.75,80,192.15,192.6,20,60
2025-08-01 12:02:58,BSE_FO|840326,192.95,20,192.5,193.2,20,160
2025-08-01 12:02:59,BSE_FO|840326,194.4,240,193.7,194.25,100,220
2025-08-01 12:02:59,BSE_FO|840326,193.8,60,193.65,194.2,220,60
2025-08-01 12:03:00,BSE_FO|840326,193.35,80,193.2,193.75,120,100
2025-08-01 12:03:00,BSE_FO|840326,193.35,80,193.4,193.85,20,100
2025-08-01 12:03:01,BSE_FO|840326,193.0,20,192.95,193.4,80,60
2025-08-01 12:03:02,BSE_FO|840326,193.55,20,193.45,193.9,40,80
2025-08-01 12:03:03,BSE_FO|840326,194.05,20,193.6,194.15,40,140
2025-08-01 12:03:04,BSE_FO|840326,192.35,80,192.3,192.85,160,40
2025-08-01 12:03:04,BSE_FO|840326,192.35,80,192.5,193.0,100,40
2025-08-01 12:03:05,BSE_FO|840326,193.55,40,192.9,193.45,80,40
2025-08-01 12:03:06,BSE_FO|840326,193.5,80,193.3,193.8,40,180
2025-08-01 12:03:07,BSE_FO|840326,195.35,20,195.05,195.6,80,180
2025-08-01 12:03:08,BSE_FO|840326,195.95,20,195.35,195.95,60,100
2025-08-01 12:03:10,BSE_FO|840326,195.9,20,195.45,195.95,280,60
2025-08-01 12:03:11,BSE_FO|840326,196.5,40,195.95,196.4,160,60
2025-08-01 12:03:11,BSE_FO|840326,196.5,40,195.8,196.35,60,100
2025-08-01 12:03:12,BSE_FO|840326,196.0,20,195.65,196.15,80,40
2025-08-01 12:03:12,BSE_FO|840326,196.0,20,196.2,196.6,60,40
2025-08-01 12:03:13,BSE_FO|840326,197.15,20,197.4,197.8,100,20
2025-08-01 12:03:15,BSE_FO|840326,197.45,20,196.9,197.45,520,60
2025-08-01 12:03:15,BSE_FO|840326,197.45,20,196.9,197.45,220,120
2025-08-01 12:03:15,BSE_FO|840326,196.4,40,196.15,196.65,140,40
2025-08-01 12:03:16,BSE_FO|840326,195.0,100,195.0,195.3,100,180
2025-08-01 12:03:17,BSE_FO|840326,194.5,20,194.1,194.6,120,20
2025-08-01 12:03:19,BSE_FO|840326,194.85,220,195.1,195.65,40,140
2025-08-01 12:03:19,BSE_FO|840326,194.7,140,195.0,195.4,260,20
2025-08-01 12:03:21,BSE_FO|840326,195.2,80,194.5,195.0,160,60
2025-08-01 12:03:21,BSE_FO|840326,195.1,100,195.1,195.6,260,80
2025-08-01 12:03:22,BSE_FO|840326,195.1,20,194.5,195.1,260,80
2025-08-01 12:03:24,BSE_FO|840326,194.05,20,194.05,194.6,60,240
2025-08-01 12:03:24,BSE_FO|840326,194.75,20,194.15,194.7,20,100
2025-08-01 12:03:26,BSE_FO|840326,194.95,20,194.15,194.6,60,40
2025-08-01 12:03:26,BSE_FO|840326,194.95,20,194.15,194.6,40,20
2025-08-01 12:03:27,BSE_FO|840326,194.55,20,194.25,194.75,40,40
2025-08-01 12:03:27,BSE_FO|840326,194.55,20,194.35,194.75,40,20
2025-08-01 12:03:28,BSE_FO|840326,194.4,220,194.25,194.8,40,100
2025-08-01 12:03:29,BSE_FO|840326,195.05,20,194.9,195.3,80,40
2025-08-01 12:03:29,BSE_FO|840326,195.25,20,194.75,195.2,60,80
2025-08-01 12:03:30,BSE_FO|840326,194.8,20,194.15,194.75,60,100
2025-08-01 12:03:31,BSE_FO|840326,193.7,100,193.3,193.7,100,20
2025-08-01 12:03:31,BSE_FO|840326,193.7,100,193.2,193.7,40,80
2025-08-01 12:03:32,BSE_FO|840326,192.55,40,192.3,192.65,20,40
2025-08-01 12:03:32,BSE_FO|840326,192.45,40,192.4,192.85,100,40
2025-08-01 12:03:33,BSE_FO|840326,193.85,20,193.15,193.7,140,240
2025-08-01 12:03:33,BSE_FO|840326,193.85,20,193.05,193.55,120,60
2025-08-01 12:03:34,BSE_FO|840326,193.25,100,193.05,193.55,20,80
2025-08-01 12:03:36,BSE_FO|840326,193.25,100,192.45,192.9,100,20
2025-08-01 12:03:36,BSE_FO|840326,192.8,40,192.25,192.75,60,60
2025-08-01 12:03:37,BSE_FO|840326,193.8,20,193.9,194.45,140,80
2025-08-01 12:03:38,BSE_FO|840326,193.8,20,193.8,194.25,40,100
2025-08-01 12:03:39,BSE_FO|840326,195.65,40,195.65,196.05,40,40
2025-08-01 12:03:39,BSE_FO|840326,195.65,40,195.5,196.05,160,40
2025-08-01 12:03:40,BSE_FO|840326,195.4,200,194.9,195.4,60,40
2025-08-01 12:03:41,BSE_FO|840326,195.0,40,194.45,195.0,140,240
2025-08-01 12:03:41,BSE_FO|840326,195.0,40,194.2,194.85,80,200
2025-08-01 12:03:42,BSE_FO|840326,195.0,60,195.15,195.65,80,60
2025-08-01 12:03:43,BSE_FO|840326,194.55,40,194.5,194.9,20,60
2025-08-01 12:03:44,BSE_FO|840326,194.75,20,194.4,194.9,20,40
2025-08-01 12:03:45,BSE_FO|840326,194.7,20,194.15,194.65,80,80
2025-08-01 12:03:47,BSE_FO|840326,193.85,40,194.95,195.5,100,40
2025-08-01 12:03:47,BSE_FO|840326,195.55,40,195.3,195.75,500,40
2025-08-01 12:03:47,BSE_FO|840326,195.55,40,195.35,195.85,100,60
2025-08-01 12:03:49,BSE_FO|840326,194.85,20,195.15,195.7,160,60
2025-08-01 12:03:49,BSE_FO|840326,195.65,20,194.95,195.45,360,40
2025-08-01 12:03:50,BSE_FO|840326,195.5,80,194.7,195.25,200,40
2025-08-01 12:03:51,BSE_FO|840326,194.75,60,194.85,195.35,100,40
2025-08-01 12:03:52,BSE_FO|840326,195.2,40,195.05,195.55,60,200
2025-08-01 12:03:53,BSE_FO|840326,195.2,40,195.15,195.7,180,60
2025-08-01 12:03:54,BSE_FO|840326,195.2,40,194.5,195.05,60,120
2025-08-01 12:03:54,BSE_FO|840326,195.2,40,194.55,195.1,40,80
2025-08-01 12:03:55,BSE_FO|840326,194.7,40,194.25,194.65,20,40
2025-08-01 12:03:56,BSE_FO|840326,193.65,20,193.1,193.7,100,20
2025-08-01 12:03:57,BSE_FO|840326,195.1,20,194.45,195.0,60,180
2025-08-01 12:03:58,BSE_FO|840326,194.7,20,194.7,195.2,40,40
2025-08-01 12:03:58,BSE_FO|840326,194.7,20,194.8,195.3,80,220
2025-08-01 12:03:59,BSE_FO|840326,196.35,20,196.3,196.7,40,20
2025-08-01 12:03:59,BSE_FO|840326,196.35,20,196.4,196.85,140,20
2025-08-01 12:04:00,BSE_FO|840326,196.1,60,196.4,196.9,40,40
2025-08-01 12:04:00,BSE_FO|840326,196.1,60,196.65,197.0,20,220
2025-08-01 12:04:01,BSE_FO|840326,198.0,120,197.75,198.15,60,40
2025-08-01 12:04:01,BSE_FO|840326,198.0,120,197.9,198.3,380,20
2025-08-01 12:04:02,BSE_FO|840326,199.6,20,199.55,199.8,20,100
2025-08-01 12:04:03,BSE_FO|840326,199.3,180,199.5,200.0,280,700
2025-08-01 12:04:04,BSE_FO|840326,199.35,60,198.65,199.2,120,60
2025-08-01 12:04:06,BSE_FO|840326,198.85,80,198.0,198.5,240,140
2025-08-01 12:04:06,BSE_FO|840326,198.15,200,197.65,198.1,40,40
2025-08-01 12:04:06,BSE_FO|840326,198.1,20,197.6,198.25,180,280
2025-08-01 12:04:08,BSE_FO|840326,197.6,80,197.75,198.3,60,80
2025-08-01 12:04:09,BSE_FO|840326,198.85,20,198.3,198.85,40,20
2025-08-01 12:04:10,BSE_FO|840326,198.85,20,198.85,199.45,40,100
2025-08-01 12:04:11,BSE_FO|840326,199.1,20,198.95,199.5,160,120
2025-08-01 12:04:12,BSE_FO|840326,199.55,20,199.45,200.0,160,80
2025-08-01 12:04:12,BSE_FO|840326,200.25,140,199.7,200.35,140,40
2025-08-01 12:04:13,BSE_FO|840326,200.0,60,199.9,200.45,80,60
2025-08-01 12:04:15,BSE_FO|840326,200.55,40,200.2,200.75,260,80
2025-08-01 12:04:15,BSE_FO|840326,201.4,40,200.8,201.3,40,20
2025-08-01 12:04:16,BSE_FO|840326,201.5,40,200.9,201.45,80,40
2025-08-01 12:04:17,BSE_FO|840326,201.15,40,201.6,202.0,140,980
2025-08-01 12:04:18,BSE_FO|840326,203.0,20,203.25,203.65,60,40
2025-08-01 12:04:18,BSE_FO|840326,203.0,20,203.4,203.7,380,120
2025-08-01 12:04:19,BSE_FO|840326,203.0,20,202.7,203.3,20,60
2025-08-01 12:04:20,BSE_FO|840326,202.5,20,201.8,202.25,120,40
2025-08-01 12:04:20,BSE_FO|840326,202.5,20,201.85,202.35,20,40
2025-08-01 12:04:22,BSE_FO|840326,202.6,20,201.95,202.45,100,60
2025-08-01 12:04:22,BSE_FO|840326,202.0,20,201.6,202.25,160,220
2025-08-01 12:04:23,BSE_FO|840326,202.6,20,202.25,202.7,200,40
2025-08-01 12:04:24,BSE_FO|840326,203.1,80,202.4,203.0,220,120
2025-08-01 12:04:25,BSE_FO|840326,202.75,20,202.0,202.55,60,60
2025-08-01 12:04:25,BSE_FO|840326,202.75,20,202.25,202.8,60,60
2025-08-01 12:04:26,BSE_FO|840326,202.15,40,201.65,202.25,60,80
2025-08-01 12:04:28,BSE_FO|840326,201.85,20,201.8,202.35,100,20
2025-08-01 12:04:28,BSE_FO|840326,201.9,20,201.9,202.45,60,200
2025-08-01 12:04:28,BSE_FO|840326,202.4,140,201.9,202.45,80,40
2025-08-01 12:04:28,BSE_FO|840326,202.55,20,202.0,202.55,60,80
2025-08-01 12:04:29,BSE_FO|840326,202.2,20,201.9,202.15,20,40
2025-08-01 12:04:30,BSE_FO|840326,202.75,60,202.05,202.6,100,20
2025-08-01 12:04:31,BSE_FO|840326,201.6,60,201.1,201.6,100,240
2025-08-01 12:04:32,BSE_FO|840326,200.6,20,200.1,200.6,60,60
2025-08-01 12:04:32,BSE_FO|840326,200.6,20,200.1,200.55,40,80
2025-08-01 12:04:33,BSE_FO|840326,199.05,100,199.0,199.5,40,140
2025-08-01 12:04:34,BSE_FO|840326,198.45,40,198.3,198.9,140,60
2025-08-01 12:04:34,BSE_FO|840326,198.45,40,198.55,199.1,160,60
2025-08-01 12:04:36,BSE_FO|840326,198.3,120,198.3,198.85,20,220
2025-08-01 12:04:36,BSE_FO|840326,198.95,20,198.85,199.35,60,40
2025-08-01 12:04:36,BSE_FO|840326,198.95,20,198.85,199.4,80,200
2025-08-01 12:04:38,BSE_FO|840326,199.5,20,198.95,199.5,120,160
2025-08-01 12:04:39,BSE_FO|840326,199.6,20,199.1,199.65,40,360
2025-08-01 12:04:39,BSE_FO|840326,199.6,20,199.3,199.8,100,180
2025-08-01 12:04:40,BSE_FO|840326,199.6,200,199.05,199.65,40,220
2025-08-01 12:04:41,BSE_FO|840326,199.1,160,199.0,199.5,100,80
2025-08-01 12:04:41,BSE_FO|840326,199.1,160,198.8,199.3,40,120
2025-08-01 12:04:42,BSE_FO|840326,200.15,60,199.65,200.1,100,40
2025-08-01 12:04:43,BSE_FO|840326,199.55,20,199.05,199.5,120,80
2025-08-01 12:04:44,BSE_FO|840326,198.75,20,198.3,198.75,60,80
2025-08-01 12:04:45,BSE_FO|840326,197.35,20,197.15,197.65,60,60
2025-08-01 12:04:46,BSE_FO|840326,197.3,20,196.8,197.25,100,40
2025-08-01 12:04:46,BSE_FO|840326,197.3,20,196.85,197.4,260,160
2025-08-01 12:04:47,BSE_FO|840326,197.75,300,197.2,197.7,40,40
2025-08-01 12:04:47,BSE_FO|840326,197.75,300,197.35,197.9,140,280
2025-08-01 12:04:49,BSE_FO|840326,197.6,40,197.15,197.7,60,40
2025-08-01 12:04:49,BSE_FO|840326,197.95,20,197.35,197.9,80,100
2025-08-01 12:04:52,BSE_FO|840326,198.15,20,197.65,198.2,160,40
2025-08-01 12:04:53,BSE_FO|840326,196.3,20,196.2,196.7,80,180
2025-08-01 12:04:53,BSE_FO|840326,196.3,20,196.2,196.7,40,180
2025-08-01 12:04:54,BSE_FO|840326,195.3,20,195.3,195.85,100,60
2025-08-01 12:04:54,BSE_FO|840326,195.3,20,195.2,195.7,120,120
2025-08-01 12:04:55,BSE_FO|840326,193.0,300,193.05,193.55,80,80
2025-08-01 12:04:57,BSE_FO|840326,193.4,80,193.0,193.55,660,40
2025-08-01 12:04:57,BSE_FO|840326,193.45,40,193.0,193.45,260,80
2025-08-01 12:04:58,BSE_FO|840326,193.65,60,193.8,194.3,40,40
2025-08-01 12:04:59,BSE_FO|840326,195.5,100,195.5,196.0,60,100
2025-08-01 12:05:00,BSE_FO|840326,196.7,100,196.2,196.7,40,40
2025-08-01 12:05:00,BSE_FO|840326,196.7,100,196.25,196.8,40,140
2025-08-01 12:05:01,BSE_FO|840326,196.3,140,195.95,196.4,60,180
2025-08-01 12:05:02,BSE_FO|840326,196.65,140,196.05,196.6,40,140
2025-08-01 12:05:03,BSE_FO|840326,196.7,20,196.05,196.55,20,60
2025-08-01 12:05:04,BSE_FO|840326,196.15,20,195.8,196.2,40,100
2025-08-01 12:05:05,BSE_FO|840326,195.8,100,195.3,195.9,40,160
2025-08-01 12:05:07,BSE_FO|840326,195.35,20,195.35,195.85,220,60
2025-08-01 12:05:08,BSE_FO|840326,196.25,20,195.9,196.35,40,40
2025-08-01 12:05:09,BSE_FO|840326,196.25,20,196.15,196.7,140,20
2025-08-01 12:05:09,BSE_FO|840326,196.75,40,196.3,196.8,20,40
2025-08-01 12:05:10,BSE_FO|840326,196.7,140,196.2,196.75,160,80
2025-08-01 12:05:11,BSE_FO|840326,196.9,40,196.45,196.75,40,40
2025-08-01 12:05:12,BSE_FO|840326,197.0,20,196.6,197.0,40,100
2025-08-01 12:05:13,BSE_FO|840326,197.35,20,197.0,197.35,80,180
2025-08-01 12:05:14,BSE_FO|840326,198.1,40,197.65,198.15,200,180
2025-08-01 12:05:15,BSE_FO|840326,198.45,20,198.25,198.7,60,80
2025-08-01 12:05:15,BSE_FO|840326,198.45,20,198.4,198.8,40,80
2025-08-01 12:05:16,BSE_FO|840326,198.9,20,198.55,198.9,20,40
2025-08-01 12:05:17,BSE_FO|840326,198.9,80,198.7,198.95,20,20
2025-08-01 12:05:18,BSE_FO|840326,198.8,20,198.25,198.7,240,40
2025-08-01 12:05:19,BSE_FO|840326,198.8,20,198.6,199.0,40,40
2025-08-01 12:05:21,BSE_FO|840326,198.85,20,198.8,199.0,20,20
2025-08-01 12:05:22,BSE_FO|840326,199.0,20,198.1,198.6,60,100
2025-08-01 12:05:22,BSE_FO|840326,199.0,20,198.05,198.7,40,20
2025-08-01 12:05:23,BSE_FO|840326,197.9,160,198.05,198.6,160,40
2025-08-01 12:05:24,BSE_FO|840326,198.75,20,198.6,198.95,20,100
2025-08-01 12:05:25,BSE_FO|840326,198.65,40,198.1,198.6,40,20
2025-08-01 12:05:26,BSE_FO|840326,198.65,40,197.65,198.15,40,20
2025-08-01 12:05:27,BSE_FO|840326,198.2,60,197.65,198.15,40,20
2025-08-01 12:05:28,BSE_FO|840326,196.3,20,196.0,196.5,40,100
2025-08-01 12:05:28,BSE_FO|840326,196.5,40,196.0,196.5,20,60
2025-08-01 12:05:29,BSE_FO|840326,197.1,100,196.55,197.05,120,40
2025-08-01 12:05:30,BSE_FO|840326,196.8,20,196.6,197.1,60,240
2025-08-01 12:05:30,BSE_FO|840326,196.3,180,196.55,197.05,40,40
2025-08-01 12:05:31,BSE_FO|840326,196.95,20,196.7,197.25,60,20
2025-08-01 12:05:32,BSE_FO|840326,196.85,40,196.95,197.45,140,40
2025-08-01 12:05:34,BSE_FO|840326,196.95,20,196.55,197.0,20,40
2025-08-01 12:05:34,BSE_FO|840326,196.1,20,195.45,196.0,60,160
2025-08-01 12:05:35,BSE_FO|840326,196.1,20,195.6,195.9,40,60
2025-08-01 12:05:36,BSE_FO|840326,195.65,20,195.8,196.3,40,100
2025-08-01 12:05:36,BSE_FO|840326,195.65,20,195.8,196.3,300,40
2025-08-01 12:05:37,BSE_FO|840326,196.9,20,196.7,197.1,20,40
2025-08-01 12:05:37,BSE_FO|840326,196.7,20,196.25,196.8,40,160
2025-08-01 12:05:38,BSE_FO|840326,197.0,40,197.3,197.75,180,60
2025-08-01 12:05:39,BSE_FO|840326,197.2,60,197.45,197.95,180,40
2025-08-01 12:05:40,BSE_FO|840326,198.5,100,197.85,198.35,20,140
2025-08-01 12:05:41,BSE_FO|840326,198.15,20,198.35,198.85,120,100
2025-08-01 12:05:42,BSE_FO|840326,198.6,20,198.1,198.65,40,20
2025-08-01 12:05:43,BSE_FO|840326,199.0,20,198.55,199.0,120,60
2025-08-01 12:05:43,BSE_FO|840326,199.0,20,198.55,199.0,140,40
2025-08-01 12:05:44,BSE_FO|840326,198.85,20,198.5,198.85,60,40
2025-08-01 12:05:45,BSE_FO|840326,198.25,20,197.65,198.15,60,40
2025-08-01 12:05:46,BSE_FO|840326,197.6,20,197.35,197.95,60,60
2025-08-01 12:05:47,BSE_FO|840326,198.25,100,197.85,198.3,40,40
2025-08-01 12:05:49,BSE_FO|840326,198.45,20,198.05,198.45,40,120
2025-08-01 12:05:49,BSE_FO|840326,198.45,20,198.05,198.5,40,60
2025-08-01 12:05:50,BSE_FO|840326,198.6,40,198.4,198.95,260,140
2025-08-01 12:05:50,BSE_FO|840326,198.6,40,198.45,198.95,60,40
2025-08-01 12:05:51,BSE_FO|840326,199.0,100,199.0,199.4,40,200
2025-08-01 12:05:52,BSE_FO|840326,198.9,20,198.75,199.3,40,40
2025-08-01 12:05:53,BSE_FO|840326,199.4,20,199.0,199.4,20,200
2025-08-01 12:05:55,BSE_FO|840326,196.15,20,195.65,196.15,240,40
2025-08-01 12:05:55,BSE_FO|840326,196.15,20,195.9,196.35,140,100
2025-08-01 12:05:56,BSE_FO|840326,196.1,20,196.6,197.1,80,20
2025-08-01 12:05:56,BSE_FO|840326,196.1,20,196.55,197.15,40,220
2025-08-01 12:05:57,BSE_FO|840326,197.2,40,197.7,198.3,100,20
2025-08-01 12:05:57,BSE_FO|840326,197.2,40,197.9,198.4,40,40
2025-08-01 12:05:59,BSE_FO|840326,197.2,40,197.85,198.3,40,40
2025-08-01 12:05:59,BSE_FO|840326,197.2,40,197.85,198.25,60,20
2025-08-01 12:05:59,BSE_FO|840326,198.1,20,197.65,198.05,20,40
2025-08-01 12:06:01,BSE_FO|840326,199.3,120,198.8,199.2,20,80
2025-08-01 12:06:01,BSE_FO|840326,200.0,20,199.8,200.15,40,20
2025-08-01 12:06:01,BSE_FO|840326,200.0,20,199.8,200.15,20,20
2025-08-01 12:06:02,BSE_FO|840326,199.4,40,199.3,199.85,60,220
2025-08-01 12:06:02,BSE_FO|840326,199.4,40,199.1,199.65,80,140
2025-08-01 12:06:03,BSE_FO|840326,199.15,100,198.7,199.2,60,100
2025-08-01 12:06:04,BSE_FO|840326,198.6,20,198.25,198.8,120,140
2025-08-01 12:06:05,BSE_FO|840326,198.6,20,198.3,198.8,140,40
2025-08-01 12:06:06,BSE_FO|840326,198.1,60,197.8,198.3,160,60
2025-08-01 12:06:07,BSE_FO|840326,198.5,20,198.0,198.5,20,40
2025-08-01 12:06:08,BSE_FO|840326,197.6,180,197.55,198.1,80,100
2025-08-01 12:06:09,BSE_FO|840326,197.5,40,197.35,197.95,100,80
2025-08-01 12:06:10,BSE_FO|840326,198.0,20,198.8,199.0,40,380
2025-08-01 12:06:11,BSE_FO|840326,198.0,20,198.8,199.0,160,380
2025-08-01 12:06:12,BSE_FO|840326,197.9,20,197.65,198.0,20,80
2025-08-01 12:06:13,BSE_FO|840326,198.35,40,198.1,198.65,140,40
2025-08-01 12:06:15,BSE_FO|840326,198.4,60,198.4,198.95,60,120
2025-08-01 12:06:15,BSE_FO|840326,198.0,20,197.65,198.15,20,400
2025-08-01 12:06:15,BSE_FO|840326,198.0,20,197.75,198.15,40,20
2025-08-01 12:06:16,BSE_FO|840326,198.2,140,197.55,198.15,80,60
2025-08-01 12:06:16,BSE_FO|840326,198.2,140,197.75,198.25,60,60
2025-08-01 12:06:17,BSE_FO|840326,197.4,20,197.5,198.0,80,60
2025-08-01 12:06:17,BSE_FO|840326,198.0,20,197.55,198.1,120,140
2025-08-01 12:06:18,BSE_FO|840326,197.5,60,197.75,198.35,40,60
2025-08-01 12:06:18,BSE_FO|840326,197.5,60,197.8,198.4,160,80
2025-08-01 12:06:20,BSE_FO|840326,198.6,200,198.4,198.95,100,220
2025-08-01 12:06:21,BSE_FO|840326,198.3,40,198.75,199.0,40,460
2025-08-01 12:06:22,BSE_FO|840326,199.95,20,199.8,200.0,60,560
2025-08-01 12:06:22,BSE_FO|840326,200.0,220,200.05,200.5,80,180
2025-08-01 12:06:23,BSE_FO|840326,200.35,20,199.8,200.2,220,40
2025-08-01 12:06:24,BSE_FO|840326,200.3,180,199.7,200.0,60,100
2025-08-01 12:06:24,BSE_FO|840326,200.3,180,199.6,200.0,40,100
2025-08-01 12:06:25,BSE_FO|840326,199.8,60,199.95,200.4,60,60
2025-08-01 12:06:25,BSE_FO|840326,199.8,60,199.95,200.4,140,40
2025-08-01 12:06:26,BSE_FO|840326,200.85,80,200.35,200.95,100,40
2025-08-01 12:06:27,BSE_FO|840326,201.0,100,200.6,201.0,260,100
2025-08-01 12:06:28,BSE_FO|840326,201.35,160,200.65,201.15,60,80
2025-08-01 12:06:29,BSE_FO|840326,200.15,20,199.75,200.3,120,40
2025-08-01 12:06:29,BSE_FO|840326,200.15,20,199.8,200.3,140,40
2025-08-01 12:06:30,BSE_FO|840326,200.35,20,199.7,200.3,40,40
2025-08-01 12:06:30,BSE_FO|840326,200.35,20,199.8,200.4,60,180
2025-08-01 12:06:31,BSE_FO|840326,200.0,200,199.5,200.05,40,220
2025-08-01 12:06:31,BSE_FO|840326,200.0,200,199.75,200.3,140,160
2025-08-01 12:06:32,BSE_FO|840326,200.2,20,200.25,200.75,120,180
2025-08-01 12:06:32,BSE_FO|840326,200.2,20,200.0,200.6,20,100
2025-08-01 12:06:33,BSE_FO|840326,199.9,20,199.9,200.45,100,40
2025-08-01 12:06:35,BSE_FO|840326,199.45,80,200.15,200.6,40,100
2025-08-01 12:06:36,BSE_FO|840326,201.35,20,201.1,201.6,120,140
